6324,2018/10/29,15:00:00,2963.0,14500,trade,
6324,2018/10/29,15:00:00,2963.0,500,bid,
6324,2018/10/29,14:59:58,2963.0,400,trade,
6324,2018/10/29,14:59:58,2963.0,1500,bid,
6324,2018/10/29,14:59:57,2963.0,300,trade,
6324,2018/10/29,14:59:57,2963.0,1900,bid,
6324,2018/10/29,14:59:56,2969.0,100,trade,
6324,2018/10/29,14:59:56,2969.0,100,ask,
6324,2018/10/29,14:59:55,2963.0,100,trade,
6324,2018/10/29,14:59:55,2963.0,2200,bid,
6324,2018/10/29,14:59:51,2963.0,100,trade,
6324,2018/10/29,14:59:51,2963.0,2300,bid,
6324,2018/10/29,14:59:49,2969.0,200,ask,
6324,2018/10/29,14:59:45,2969.0,1200,ask,
6324,2018/10/29,14:59:42,2969.0,200,ask,
6324,2018/10/29,14:59:41,2968.0,100,ask,
6324,2018/10/29,14:59:35,2968.0,300,trade,
6324,2018/10/29,14:59:35,2968.0,1400,ask,
6324,2018/10/29,14:59:35,2968.0,1700,ask,
6324,2018/10/29,14:59:34,2968.0,100,trade,
6324,2018/10/29,14:59:34,2968.0,1800,ask,
6324,2018/10/29,14:59:33,2968.0,1900,ask,
6324,2018/10/29,14:59:32,2968.0,500,ask,
6324,2018/10/29,14:59:31,2964.0,100,trade,
6324,2018/10/29,14:59:31,2963.0,2400,bid,
6324,2018/10/29,14:59:31,2968.0,200,ask,
6324,2018/10/29,14:59:31,2964.0,100,bid,
6324,2018/10/29,14:59:31,2969.0,1400,ask,
6324,2018/10/29,14:59:30,2964.0,300,bid,
6324,2018/10/29,14:59:29,2964.0,200,bid,
6324,2018/10/29,14:59:29,2963.0,2400,bid,
6324,2018/10/29,14:59:27,2964.0,100,trade,
6324,2018/10/29,14:59:27,2964.0,100,bid,
6324,2018/10/29,14:59:27,2969.0,100,trade,
6324,2018/10/29,14:59:27,2969.0,400,ask,
6324,2018/10/29,14:59:21,2969.0,500,ask,
6324,2018/10/29,14:59:20,2964.0,100,trade,
6324,2018/10/29,14:59:20,2964.0,200,bid,
6324,2018/10/29,14:59:20,2964.0,100,trade,
6324,2018/10/29,14:59:20,2969.0,400,ask,
6324,2018/10/29,14:59:20,2964.0,300,bid,
6324,2018/10/29,14:59:13,2969.0,500,ask,
6324,2018/10/29,14:59:13,2969.0,400,ask,
6324,2018/10/29,14:59:13,2964.0,400,bid,
6324,2018/10/29,14:59:13,2969.0,200,ask,
6324,2018/10/29,14:59:13,2970.0,1000,ask,
6324,2018/10/29,14:59:13,2970.0,800,ask,
6324,2018/10/29,14:59:09,2970.0,500,ask,
6324,2018/10/29,14:59:09,2970.0,100,trade,
6324,2018/10/29,14:59:09,2970.0,400,ask,
6324,2018/10/29,14:59:08,2970.0,100,trade,
6324,2018/10/29,14:59:08,2970.0,500,ask,
6324,2018/10/29,14:59:01,2964.0,700,bid,
6324,2018/10/29,14:59:01,2964.0,400,bid,
6324,2018/10/29,14:59:01,2967.0,100,trade,
6324,2018/10/29,14:59:01,2970.0,600,ask,
6324,2018/10/29,14:59:01,2967.0,200,trade,
6324,2018/10/29,14:59:01,2967.0,100,ask,
6324,2018/10/29,14:59:01,2967.0,300,trade,
6324,2018/10/29,14:59:01,2967.0,300,ask,
6324,2018/10/29,14:59:00,2967.0,600,ask,
6324,2018/10/29,14:59:00,2967.0,700,ask,
6324,2018/10/29,14:59:00,2967.0,600,ask,
6324,2018/10/29,14:58:56,2967.0,500,ask,
6324,2018/10/29,14:58:56,2964.0,300,bid,
6324,2018/10/29,14:58:55,2964.0,200,bid,
6324,2018/10/29,14:58:51,2967.0,100,trade,
6324,2018/10/29,14:58:51,2967.0,600,ask,
6324,2018/10/29,14:58:46,2964.0,100,trade,
6324,2018/10/29,14:58:46,2963.0,100,bid,
6324,2018/10/29,14:58:46,2967.0,700,ask,
6324,2018/10/29,14:58:46,2967.0,600,ask,
6324,2018/10/29,14:58:39,2967.0,500,ask,
6324,2018/10/29,14:58:39,2967.0,400,ask,
6324,2018/10/29,14:58:39,2967.0,500,ask,
6324,2018/10/29,14:58:39,2966.0,200,ask,
6324,2018/10/29,14:58:39,2965.0,300,trade,
6324,2018/10/29,14:58:39,2964.0,100,bid,
6324,2018/10/29,14:58:39,2967.0,500,ask,
6324,2018/10/29,14:58:35,2967.0,100,trade,
6324,2018/10/29,14:58:35,2967.0,400,ask,
6324,2018/10/29,14:58:35,2967.0,500,ask,
6324,2018/10/29,14:58:20,2965.0,300,bid,
6324,2018/10/29,14:58:17,2965.0,200,bid,
6324,2018/10/29,14:58:17,2965.0,100,bid,
6324,2018/10/29,14:58:17,2965.0,100,trade,
6324,2018/10/29,14:58:17,2964.0,800,bid,
6324,2018/10/29,14:58:17,2965.0,100,bid,
6324,2018/10/29,14:58:15,2967.0,100,trade,
6324,2018/10/29,14:58:15,2967.0,400,ask,
6324,2018/10/29,14:58:10,2967.0,500,ask,
6324,2018/10/29,14:58:10,2964.0,900,bid,
6324,2018/10/29,14:58:10,2964.0,800,bid,
6324,2018/10/29,14:58:09,2964.0,700,bid,
6324,2018/10/29,14:58:09,2964.0,600,bid,
6324,2018/10/29,14:58:09,2966.0,500,trade,
6324,2018/10/29,14:58:09,2967.0,200,ask,
6324,2018/10/29,14:58:09,2964.0,500,bid,
6324,2018/10/29,14:58:08,2963.0,500,bid,
6324,2018/10/29,14:58:08,2966.0,100,trade,
6324,2018/10/29,14:58:08,2966.0,500,ask,
6324,2018/10/29,14:58:08,2963.0,400,bid,
6324,2018/10/29,14:58:08,2963.0,300,bid,
6324,2018/10/29,14:58:08,2966.0,100,trade,
6324,2018/10/29,14:58:08,2966.0,600,ask,
6324,2018/10/29,14:58:08,2966.0,100,trade,
6324,2018/10/29,14:58:08,2966.0,700,ask,
6324,2018/10/29,14:58:08,2963.0,200,bid,
6324,2018/10/29,14:58:07,2962.0,100,trade,
6324,2018/10/29,14:58:07,2962.0,300,bid,
6324,2018/10/29,14:58:04,2966.0,800,ask,
6324,2018/10/29,14:58:04,2962.0,400,bid,
6324,2018/10/29,14:58:01,2962.0,300,bid,
6324,2018/10/29,14:58:00,2962.0,200,bid,
6324,2018/10/29,14:57:58,2966.0,900,ask,
6324,2018/10/29,14:57:58,2966.0,800,ask,
6324,2018/10/29,14:57:58,2965.0,200,trade,
6324,2018/10/29,14:57:58,2966.0,900,ask,
6324,2018/10/29,14:57:58,2965.0,200,ask,
6324,2018/10/29,14:57:58,2961.0,300,bid,
6324,2018/10/29,14:57:46,2961.0,400,bid,
6324,2018/10/29,14:57:36,2961.0,200,bid,
6324,2018/10/29,14:57:36,2966.0,900,ask,
6324,2018/10/29,14:57:28,2966.0,800,ask,
6324,2018/10/29,14:57:24,2966.0,700,ask,
6324,2018/10/29,14:57:23,2966.0,600,ask,
6324,2018/10/29,14:57:23,2961.0,400,bid,
6324,2018/10/29,14:57:16,2966.0,300,ask,
6324,2018/10/29,14:57:16,2966.0,100,ask,
6324,2018/10/29,14:57:16,2963.0,200,trade,
6324,2018/10/29,14:57:16,2961.0,300,bid,
6324,2018/10/29,14:57:16,2967.0,700,ask,
6324,2018/10/29,14:57:16,2967.0,600,ask,
6324,2018/10/29,14:57:09,2967.0,500,ask,
6324,2018/10/29,14:57:08,2965.0,100,trade,
6324,2018/10/29,14:57:08,2963.0,200,bid,
6324,2018/10/29,14:57:07,2965.0,100,bid,
6324,2018/10/29,14:57:07,2967.0,400,ask,
6324,2018/10/29,14:57:07,2965.0,100,trade,
6324,2018/10/29,14:57:07,2961.0,300,bid,
6324,2018/10/29,14:57:07,2965.0,100,bid,
6324,2018/10/29,14:57:05,2967.0,500,ask,
6324,2018/10/29,14:57:05,2967.0,400,ask,
6324,2018/10/29,14:57:05,2967.0,100,ask,
6324,2018/10/29,14:57:05,2961.0,300,bid,
6324,2018/10/29,14:57:05,2968.0,500,ask,
6324,2018/10/29,14:57:05,2963.0,200,trade,
6324,2018/10/29,14:57:05,2962.0,300,bid,
6324,2018/10/29,14:56:58,2968.0,400,ask,
6324,2018/10/29,14:56:58,2968.0,300,ask,
6324,2018/10/29,14:56:58,2968.0,200,ask,
6324,2018/10/29,14:56:58,2969.0,700,ask,
6324,2018/10/29,14:56:58,2969.0,600,ask,
6324,2018/10/29,14:56:58,2964.0,400,trade,
6324,2018/10/29,14:56:58,2963.0,200,bid,
6324,2018/10/29,14:56:53,2965.0,100,trade,
6324,2018/10/29,14:56:53,2964.0,400,bid,
6324,2018/10/29,14:56:53,2965.0,100,bid,
6324,2018/10/29,14:56:53,2969.0,500,ask,
6324,2018/10/29,14:56:52,2968.0,100,ask,
6324,2018/10/29,14:56:52,2969.0,600,ask,
6324,2018/10/29,14:56:52,2969.0,500,ask,
6324,2018/10/29,14:56:52,2968.0,100,ask,
6324,2018/10/29,14:56:52,2964.0,400,bid,
6324,2018/10/29,14:56:52,2969.0,600,ask,
6324,2018/10/29,14:56:47,2969.0,500,ask,
6324,2018/10/29,14:56:45,2964.0,500,bid,
6324,2018/10/29,14:56:45,2969.0,200,ask,
6324,2018/10/29,14:56:45,2964.0,400,bid,
6324,2018/10/29,14:56:45,2964.0,300,bid,
6324,2018/10/29,14:56:44,2964.0,200,bid,
6324,2018/10/29,14:56:44,2964.0,200,trade,
6324,2018/10/29,14:56:44,2963.0,300,bid,
6324,2018/10/29,14:56:44,2964.0,200,bid,
6324,2018/10/29,14:56:44,2969.0,400,ask,
6324,2018/10/29,14:56:44,2963.0,300,bid,
6324,2018/10/29,14:56:42,2969.0,500,ask,
6324,2018/10/29,14:56:39,2969.0,600,ask,
6324,2018/10/29,14:56:39,2968.0,200,trade,
6324,2018/10/29,14:56:39,2968.0,100,ask,
6324,2018/10/29,14:56:39,2968.0,100,trade,
6324,2018/10/29,14:56:39,2968.0,300,ask,
6324,2018/10/29,14:56:07,2963.0,200,bid,
6324,2018/10/29,14:56:07,2968.0,400,ask,
6324,2018/10/29,14:56:07,2963.0,400,bid,
6324,2018/10/29,14:56:07,2968.0,300,ask,
6324,2018/10/29,14:56:07,2968.0,200,ask,
6324,2018/10/29,14:56:07,2969.0,700,ask,
6324,2018/10/29,14:56:07,2969.0,600,ask,
6324,2018/10/29,14:56:06,2969.0,500,ask,
6324,2018/10/29,14:56:06,2969.0,400,ask,
6324,2018/10/29,14:56:06,2969.0,200,ask,
6324,2018/10/29,14:56:06,2970.0,500,ask,
6324,2018/10/29,14:56:03,2970.0,400,ask,
6324,2018/10/29,14:56:03,2970.0,300,ask,
6324,2018/10/29,14:56:03,2971.0,300,ask,
6324,2018/10/29,14:56:03,2970.0,100,ask,
6324,2018/10/29,14:56:03,2969.0,100,ask,
6324,2018/10/29,14:56:03,2969.0,300,ask,
6324,2018/10/29,14:56:03,2963.0,500,bid,
6324,2018/10/29,14:56:02,2963.0,400,bid,
6324,2018/10/29,14:56:01,2963.0,300,bid,
6324,2018/10/29,14:56:01,2969.0,100,trade,
6324,2018/10/29,14:56:01,2969.0,400,ask,
6324,2018/10/29,14:56:01,2963.0,200,bid,
6324,2018/10/29,14:56:01,2963.0,700,trade,
6324,2018/10/29,14:56:01,2962.0,500,bid,
6324,2018/10/29,14:56:01,2963.0,700,bid,
6324,2018/10/29,14:56:01,2969.0,500,ask,
6324,2018/10/29,14:56:01,2969.0,300,ask,
6324,2018/10/29,14:56:01,2969.0,200,ask,
6324,2018/10/29,14:56:01,2970.0,300,ask,
6324,2018/10/29,14:56:01,2970.0,200,ask,
6324,2018/10/29,14:56:01,2971.0,600,ask,
6324,2018/10/29,14:56:01,2971.0,300,ask,
6324,2018/10/29,14:55:52,2963.0,600,bid,
6324,2018/10/29,14:55:51,2963.0,500,bid,
6324,2018/10/29,14:55:49,2963.0,300,bid,
6324,2018/10/29,14:55:49,2971.0,200,ask,
6324,2018/10/29,14:55:49,2971.0,100,ask,
6324,2018/10/29,14:55:49,2971.0,200,ask,
6324,2018/10/29,14:55:49,2963.0,200,bid,
6324,2018/10/29,14:55:49,2971.0,100,ask,
6324,2018/10/29,14:55:49,2962.0,900,bid,
6324,2018/10/29,14:55:49,2962.0,600,bid,
6324,2018/10/29,14:55:49,2971.0,200,ask,
6324,2018/10/29,14:55:49,2961.0,1000,bid,
6324,2018/10/29,14:55:49,2971.0,100,ask,
6324,2018/10/29,14:55:49,2969.0,100,ask,
6324,2018/10/29,14:55:49,2961.0,900,bid,
6324,2018/10/29,14:55:49,2961.0,800,bid,
6324,2018/10/29,14:55:49,2961.0,200,bid,
6324,2018/10/29,14:55:48,2960.0,1300,bid,
6324,2018/10/29,14:55:48,2969.0,300,ask,
6324,2018/10/29,14:55:48,2960.0,1200,bid,
6324,2018/10/29,14:55:48,2960.0,600,bid,
6324,2018/10/29,14:55:48,2966.0,100,trade,
6324,2018/10/29,14:55:48,2969.0,200,ask,
6324,2018/10/29,14:55:48,2960.0,300,bid,
6324,2018/10/29,14:55:48,2960.0,200,bid,
6324,2018/10/29,14:55:48,2960.0,800,bid,
6324,2018/10/29,14:55:48,2966.0,100,ask,
6324,2018/10/29,14:55:48,2971.0,200,ask,
6324,2018/10/29,14:55:48,2971.0,100,ask,
6324,2018/10/29,14:55:48,2960.0,1100,bid,
6324,2018/10/29,14:55:48,2970.0,100,ask,
6324,2018/10/29,14:55:48,2960.0,500,bid,
6324,2018/10/29,14:55:48,2971.0,100,ask,
6324,2018/10/29,14:55:48,2960.0,200,bid,
6324,2018/10/29,14:55:48,2970.0,200,ask,
6324,2018/10/29,14:55:48,2971.0,200,ask,
6324,2018/10/29,14:55:48,2959.0,1400,bid,
6324,2018/10/29,14:55:48,2959.0,1000,bid,
6324,2018/10/29,14:55:48,2959.0,400,bid,
6324,2018/10/29,14:55:48,2959.0,100,bid,
6324,2018/10/29,14:55:48,2971.0,100,ask,
6324,2018/10/29,14:55:48,2958.0,600,bid,
6324,2018/10/29,14:55:48,2963.0,300,trade,
6324,2018/10/29,14:55:48,2966.0,200,ask,
6324,2018/10/29,14:55:46,2958.0,1000,bid,
6324,2018/10/29,14:55:46,2958.0,900,bid,
6324,2018/10/29,14:55:46,2958.0,800,bid,
6324,2018/10/29,14:55:46,2958.0,700,bid,
6324,2018/10/29,14:55:46,2958.0,600,bid,
6324,2018/10/29,14:55:46,2958.0,200,bid,
6324,2018/10/29,14:55:46,2957.0,900,bid,
6324,2018/10/29,14:55:46,2957.0,800,bid,
6324,2018/10/29,14:55:46,2963.0,300,ask,
6324,2018/10/29,14:55:40,2957.0,500,bid,
6324,2018/10/29,14:55:40,2963.0,1100,ask,
6324,2018/10/29,14:55:39,2957.0,600,bid,
6324,2018/10/29,14:55:39,2957.0,500,bid,
6324,2018/10/29,14:55:37,2957.0,400,bid,
6324,2018/10/29,14:55:37,2957.0,300,bid,
6324,2018/10/29,14:55:37,2957.0,700,bid,
6324,2018/10/29,14:55:37,2957.0,600,bid,
6324,2018/10/29,14:55:37,2957.0,200,bid,
6324,2018/10/29,14:55:37,2963.0,800,ask,
6324,2018/10/29,14:55:37,2963.0,900,ask,
6324,2018/10/29,14:55:37,2956.0,200,bid,
6324,2018/10/29,14:55:37,2955.0,1100,bid,
6324,2018/10/29,14:55:36,2955.0,900,bid,
6324,2018/10/29,14:55:36,2955.0,800,bid,
6324,2018/10/29,14:55:36,2955.0,700,bid,
6324,2018/10/29,14:55:36,2955.0,400,bid,
6324,2018/10/29,14:55:36,2955.0,500,bid,
6324,2018/10/29,14:55:36,2958.0,100,trade,
6324,2018/10/29,14:55:36,2963.0,1000,ask,
6324,2018/10/29,14:55:36,2955.0,100,bid,
6324,2018/10/29,14:55:36,2954.0,600,bid,
6324,2018/10/29,14:55:36,2955.0,400,bid,
6324,2018/10/29,14:55:36,2954.0,600,bid,
6324,2018/10/29,14:55:36,2957.0,100,trade,
6324,2018/10/29,14:55:36,2958.0,100,ask,
6324,2018/10/29,14:55:36,2957.0,200,trade,
6324,2018/10/29,14:55:36,2957.0,100,ask,
6324,2018/10/29,14:55:35,2954.0,500,bid,
6324,2018/10/29,14:55:35,2954.0,400,bid,
6324,2018/10/29,14:55:35,2954.0,300,bid,
6324,2018/10/29,14:55:33,2954.0,200,bid,
6324,2018/10/29,14:55:33,2953.0,200,bid,
6324,2018/10/29,14:55:31,2957.0,100,trade,
6324,2018/10/29,14:55:31,2957.0,300,ask,
6324,2018/10/29,14:55:31,2957.0,400,ask,
6324,2018/10/29,14:55:25,2952.0,1100,bid,
6324,2018/10/29,14:55:24,2952.0,1000,bid,
6324,2018/10/29,14:55:22,2952.0,900,bid,
6324,2018/10/29,14:55:22,2952.0,800,bid,
6324,2018/10/29,14:55:21,2957.0,300,ask,
6324,2018/10/29,14:55:21,2955.0,100,trade,
6324,2018/10/29,14:55:21,2956.0,200,ask,
6324,2018/10/29,14:55:21,2952.0,500,bid,
6324,2018/10/29,14:55:21,2955.0,100,trade,
6324,2018/10/29,14:55:21,2955.0,100,ask,
6324,2018/10/29,14:55:21,2952.0,400,bid,
6324,2018/10/29,14:55:21,2951.0,500,bid,
6324,2018/10/29,14:55:20,2951.0,400,bid,
6324,2018/10/29,14:55:20,2951.0,300,bid,
6324,2018/10/29,14:55:18,2954.0,100,trade,
6324,2018/10/29,14:55:18,2955.0,200,ask,
6324,2018/10/29,14:55:18,2951.0,200,bid,
6324,2018/10/29,14:55:18,2950.0,100,bid,
6324,2018/10/29,14:55:18,2950.0,500,bid,
6324,2018/10/29,14:55:18,2950.0,100,bid,
6324,2018/10/29,14:55:18,2954.0,700,trade,
6324,2018/10/29,14:55:18,2954.0,100,ask,
6324,2018/10/29,14:55:18,2953.0,300,trade,
6324,2018/10/29,14:55:18,2954.0,800,ask,
6324,2018/10/29,14:55:17,2953.0,300,ask,
6324,2018/10/29,14:55:17,2953.0,200,ask,
6324,2018/10/29,14:55:17,2954.0,900,ask,
6324,2018/10/29,14:55:14,2949.0,300,bid,
6324,2018/10/29,14:55:14,2954.0,100,trade,
6324,2018/10/29,14:55:14,2954.0,600,ask,
6324,2018/10/29,14:55:14,2950.0,400,trade,
6324,2018/10/29,14:55:14,2949.0,200,bid,
6324,2018/10/29,14:55:14,2954.0,700,ask,
6324,2018/10/29,14:55:08,2950.0,400,bid,
6324,2018/10/29,14:55:05,2950.0,300,bid,
6324,2018/10/29,14:55:05,2954.0,600,ask,
6324,2018/10/29,14:55:04,2950.0,100,trade,
6324,2018/10/29,14:55:04,2950.0,200,bid,
6324,2018/10/29,14:55:03,2950.0,300,bid,
6324,2018/10/29,14:55:02,2950.0,200,bid,
6324,2018/10/29,14:55:02,2950.0,100,bid,
6324,2018/10/29,14:55:02,2949.0,700,bid,
6324,2018/10/29,14:55:01,2949.0,600,bid,
6324,2018/10/29,14:55:01,2949.0,500,bid,
6324,2018/10/29,14:55:01,2949.0,400,bid,
6324,2018/10/29,14:55:01,2952.0,100,trade,
6324,2018/10/29,14:55:01,2954.0,200,ask,
6324,2018/10/29,14:55:01,2948.0,300,bid,
6324,2018/10/29,14:55:01,2951.0,100,trade,
6324,2018/10/29,14:55:01,2952.0,100,ask,
6324,2018/10/29,14:55:01,2948.0,200,bid,
6324,2018/10/29,14:55:01,2947.0,300,bid,
6324,2018/10/29,14:55:01,2951.0,100,ask,
6324,2018/10/29,14:55:01,2948.0,100,trade,
6324,2018/10/29,14:55:01,2950.0,200,ask,
6324,2018/10/29,14:55:01,2947.0,200,bid,
6324,2018/10/29,14:55:01,2947.0,500,trade,
6324,2018/10/29,14:55:01,2948.0,100,ask,
6324,2018/10/29,14:55:01,2947.0,500,trade,
6324,2018/10/29,14:55:01,2947.0,500,ask,
6324,2018/10/29,14:55:01,2947.0,200,trade,
6324,2018/10/29,14:55:01,2947.0,1000,ask,
6324,2018/10/29,14:55:01,2947.0,100,trade,
6324,2018/10/29,14:55:01,2947.0,1200,ask,
6324,2018/10/29,14:55:01,2947.0,100,trade,
6324,2018/10/29,14:55:01,2947.0,1300,ask,
6324,2018/10/29,14:55:01,2947.0,100,trade,
6324,2018/10/29,14:55:01,2947.0,1400,ask,
6324,2018/10/29,14:55:01,2947.0,100,trade,
6324,2018/10/29,14:55:01,2947.0,1500,ask,
6324,2018/10/29,14:55:01,2947.0,100,trade,
6324,2018/10/29,14:55:01,2947.0,1600,ask,
6324,2018/10/29,14:55:01,2947.0,1700,ask,
6324,2018/10/29,14:54:49,2947.0,1600,ask,
6324,2018/10/29,14:54:49,2947.0,1500,ask,
6324,2018/10/29,14:54:49,2947.0,1400,ask,
6324,2018/10/29,14:54:28,2947.0,1300,ask,
6324,2018/10/29,14:54:27,2947.0,1200,ask,
6324,2018/10/29,14:54:25,2947.0,1000,ask,
6324,2018/10/29,14:54:25,2947.0,900,ask,
6324,2018/10/29,14:54:24,2947.0,800,ask,
6324,2018/10/29,14:54:23,2947.0,100,trade,
6324,2018/10/29,14:54:23,2947.0,700,ask,
6324,2018/10/29,14:54:23,2946.0,200,trade,
6324,2018/10/29,14:54:23,2946.0,600,bid,
6324,2018/10/29,14:54:21,2946.0,800,bid,
6324,2018/10/29,14:54:20,2946.0,300,trade,
6324,2018/10/29,14:54:20,2946.0,700,bid,
6324,2018/10/29,14:54:20,2946.0,100,trade,
6324,2018/10/29,14:54:20,2946.0,1000,bid,
6324,2018/10/29,14:54:20,2946.0,100,trade,
6324,2018/10/29,14:54:20,2946.0,1100,bid,
6324,2018/10/29,14:54:20,2947.0,800,ask,
6324,2018/10/29,14:54:19,2947.0,400,ask,
6324,2018/10/29,14:54:18,2947.0,300,ask,
6324,2018/10/29,14:54:13,2949.0,1200,ask,
6324,2018/10/29,14:54:09,2949.0,100,trade,
6324,2018/10/29,14:54:09,2949.0,1100,ask,
6324,2018/10/29,14:54:06,2949.0,1200,ask,
6324,2018/10/29,14:54:03,2946.0,1200,bid,
6324,2018/10/29,14:54:02,2946.0,1100,bid,
6324,2018/10/29,14:54:02,2949.0,1000,ask,
6324,2018/10/29,14:54:02,2947.0,400,bid,
6324,2018/10/29,14:54:02,2949.0,600,ask,
6324,2018/10/29,14:54:02,2949.0,700,ask,
6324,2018/10/29,14:54:02,2946.0,1100,bid,
6324,2018/10/29,14:54:02,2949.0,800,ask,
6324,2018/10/29,14:54:02,2946.0,1000,bid,
6324,2018/10/29,14:54:02,2947.0,200,trade,
6324,2018/10/29,14:54:02,2947.0,100,bid,
6324,2018/10/29,14:54:02,2948.0,200,ask,
6324,2018/10/29,14:54:02,2947.0,300,bid,
6324,2018/10/29,14:54:02,2947.0,300,trade,
6324,2018/10/29,14:54:02,2949.0,800,ask,
6324,2018/10/29,14:54:02,2947.0,500,trade,
6324,2018/10/29,14:54:02,2947.0,300,ask,
6324,2018/10/29,14:54:02,2946.0,1000,bid,
6324,2018/10/29,14:54:01,2947.0,500,bid,
6324,2018/10/29,14:53:55,2949.0,1000,ask,
6324,2018/10/29,14:53:53,2949.0,800,ask,
6324,2018/10/29,14:53:48,2949.0,700,ask,
6324,2018/10/29,14:53:43,2947.0,400,bid,
6324,2018/10/29,14:53:36,2947.0,300,bid,
6324,2018/10/29,14:53:36,2949.0,100,trade,
6324,2018/10/29,14:53:36,2949.0,600,ask,
6324,2018/10/29,14:53:36,2949.0,100,trade,
6324,2018/10/29,14:53:36,2949.0,700,ask,
6324,2018/10/29,14:53:29,2949.0,800,ask,
6324,2018/10/29,14:53:25,2949.0,500,ask,
6324,2018/10/29,14:53:25,2949.0,400,ask,
6324,2018/10/29,14:53:25,2949.0,200,trade,
6324,2018/10/29,14:53:25,2950.0,600,ask,
6324,2018/10/29,14:53:25,2949.0,200,ask,
6324,2018/10/29,14:53:22,2950.0,1000,ask,
6324,2018/10/29,14:53:18,2947.0,200,bid,
6324,2018/10/29,14:53:16,2947.0,400,bid,
6324,2018/10/29,14:53:16,2950.0,800,ask,
6324,2018/10/29,14:53:13,2950.0,400,ask,
6324,2018/10/29,14:53:13,2947.0,700,bid,
6324,2018/10/29,14:53:11,2947.0,600,bid,
6324,2018/10/29,14:53:11,2947.0,500,bid,
6324,2018/10/29,14:53:11,2947.0,300,bid,
6324,2018/10/29,14:53:11,2946.0,300,bid,
6324,2018/10/29,14:53:11,2946.0,200,bid,
6324,2018/10/29,14:53:11,2950.0,200,trade,
6324,2018/10/29,14:53:11,2950.0,100,ask,
6324,2018/10/29,14:53:11,2949.0,500,trade,
6324,2018/10/29,14:53:11,2950.0,300,ask,
6324,2018/10/29,14:53:11,2946.0,100,bid,
6324,2018/10/29,14:53:10,2945.0,300,bid,
6324,2018/10/29,14:53:10,2944.0,600,bid,
6324,2018/10/29,14:53:10,2944.0,300,bid,
6324,2018/10/29,14:53:09,2949.0,100,trade,
6324,2018/10/29,14:53:09,2949.0,500,ask,
6324,2018/10/29,14:53:09,2949.0,600,ask,
6324,2018/10/29,14:53:09,2948.0,200,ask,
6324,2018/10/29,14:53:09,2947.0,200,trade,
6324,2018/10/29,14:53:09,2946.0,100,bid,
6324,2018/10/29,14:53:09,2947.0,200,bid,
6324,2018/10/29,14:53:02,2947.0,300,bid,
6324,2018/10/29,14:53:00,2947.0,200,bid,
6324,2018/10/29,14:52:59,2947.0,100,bid,
6324,2018/10/29,14:52:56,2949.0,600,ask,
6324,2018/10/29,14:52:56,2949.0,500,ask,
6324,2018/10/29,14:52:56,2948.0,200,ask,
6324,2018/10/29,14:52:56,2949.0,600,ask,
6324,2018/10/29,14:52:54,2946.0,100,trade,
6324,2018/10/29,14:52:54,2946.0,200,bid,
6324,2018/10/29,14:52:54,2946.0,300,bid,
6324,2018/10/29,14:52:54,2946.0,200,bid,
6324,2018/10/29,14:52:52,2949.0,200,ask,
6324,2018/10/29,14:52:52,2946.0,100,bid,
6324,2018/10/29,14:52:52,2947.0,300,trade,
6324,2018/10/29,14:52:52,2946.0,200,bid,
6324,2018/10/29,14:52:52,2947.0,300,bid,
6324,2018/10/29,14:52:52,2946.0,200,bid,
6324,2018/10/29,14:52:52,2949.0,100,ask,
6324,2018/10/29,14:52:52,2949.0,300,ask,
6324,2018/10/29,14:52:52,2946.0,1700,trade,
6324,2018/10/29,14:52:52,2949.0,400,ask,
6324,2018/10/29,14:52:52,2946.0,100,bid,
6324,2018/10/29,14:52:52,2944.0,300,bid,
6324,2018/10/29,14:52:52,2945.0,200,trade,
6324,2018/10/29,14:52:52,2946.0,1700,ask,
6324,2018/10/29,14:52:52,2943.0,800,bid,
6324,2018/10/29,14:52:52,2944.0,300,bid,
6324,2018/10/29,14:52:52,2945.0,200,ask,
6324,2018/10/29,14:52:52,2944.0,100,trade,
6324,2018/10/29,14:52:52,2943.0,800,bid,
6324,2018/10/29,14:52:48,2946.0,1700,ask,
6324,2018/10/29,14:52:46,2946.0,100,trade,
6324,2018/10/29,14:52:46,2946.0,1600,ask,
6324,2018/10/29,14:52:39,2944.0,100,bid,
6324,2018/10/29,14:52:39,2943.0,800,bid,
6324,2018/10/29,14:52:39,2944.0,300,bid,
6324,2018/10/29,14:52:39,2943.0,900,bid,
6324,2018/10/29,14:52:38,2946.0,1700,ask,
6324,2018/10/29,14:52:38,2943.0,700,bid,
6324,2018/10/29,14:52:38,2946.0,1500,ask,
6324,2018/10/29,14:52:34,2944.0,300,bid,
6324,2018/10/29,14:52:22,2946.0,1400,ask,
6324,2018/10/29,14:52:20,2943.0,700,bid,
6324,2018/10/29,14:52:20,2943.0,100,trade,
6324,2018/10/29,14:52:20,2943.0,600,bid,
6324,2018/10/29,14:52:19,2946.0,1300,ask,
6324,2018/10/29,14:52:19,2946.0,900,ask,
6324,2018/10/29,14:52:16,2944.0,100,trade,
6324,2018/10/29,14:52:16,2943.0,700,bid,
6324,2018/10/29,14:52:16,2944.0,100,bid,
6324,2018/10/29,14:52:16,2946.0,800,ask,
6324,2018/10/29,14:52:15,2944.0,400,bid,
6324,2018/10/29,14:52:15,2946.0,700,ask,
6324,2018/10/29,14:52:15,2946.0,200,ask,
6324,2018/10/29,14:52:15,2944.0,300,bid,
6324,2018/10/29,14:52:15,2946.0,200,trade,
6324,2018/10/29,14:52:15,2947.0,100,ask,
6324,2018/10/29,14:52:15,2946.0,1100,trade,
6324,2018/10/29,14:52:15,2946.0,200,ask,
6324,2018/10/29,14:52:06,2946.0,1300,ask,
6324,2018/10/29,14:52:01,2944.0,200,trade,
6324,2018/10/29,14:52:01,2943.0,700,bid,
6324,2018/10/29,14:52:01,2944.0,200,bid,
6324,2018/10/29,14:52:01,2946.0,1200,ask,
6324,2018/10/29,14:52:01,2946.0,900,ask,
6324,2018/10/29,14:52:01,2944.0,500,bid,
6324,2018/10/29,14:52:00,2944.0,400,bid,
6324,2018/10/29,14:51:59,2944.0,300,bid,
6324,2018/10/29,14:51:59,2946.0,100,trade,
6324,2018/10/29,14:51:59,2946.0,600,ask,
6324,2018/10/29,14:51:51,2943.0,800,bid,
6324,2018/10/29,14:51:51,2946.0,700,ask,
6324,2018/10/29,14:51:51,2944.0,300,bid,
6324,2018/10/29,14:51:51,2943.0,800,bid,
6324,2018/10/29,14:51:50,2946.0,600,ask,
6324,2018/10/29,14:51:50,2943.0,700,bid,
6324,2018/10/29,14:51:49,2946.0,800,ask,
6324,2018/10/29,14:51:49,2946.0,700,ask,
6324,2018/10/29,14:51:49,2946.0,200,ask,
6324,2018/10/29,14:51:49,2947.0,500,ask,
6324,2018/10/29,14:51:47,2943.0,600,bid,
6324,2018/10/29,14:51:38,2947.0,400,ask,
6324,2018/10/29,14:51:35,2947.0,100,ask,
6324,2018/10/29,14:51:35,2947.0,300,ask,
6324,2018/10/29,14:51:34,2943.0,900,bid,
6324,2018/10/29,14:51:34,2944.0,100,bid,
6324,2018/10/29,14:51:34,2947.0,200,ask,
6324,2018/10/29,14:51:34,2944.0,400,bid,
6324,2018/10/29,14:51:34,2948.0,700,ask,
6324,2018/10/29,14:51:31,2944.0,700,bid,
6324,2018/10/29,14:51:31,2944.0,400,bid,
6324,2018/10/29,14:51:31,2948.0,500,ask,
6324,2018/10/29,14:51:31,2944.0,300,bid,
6324,2018/10/29,14:51:31,2943.0,800,bid,
6324,2018/10/29,14:51:31,2944.0,300,bid,
6324,2018/10/29,14:51:31,2945.0,100,bid,
6324,2018/10/29,14:51:31,2945.0,300,bid,
6324,2018/10/29,14:51:31,2947.0,200,ask,
6324,2018/10/29,14:51:31,2946.0,100,trade,
6324,2018/10/29,14:51:31,2946.0,100,bid,
6324,2018/10/29,14:51:31,2946.0,100,trade,
6324,2018/10/29,14:51:31,2946.0,200,bid,
6324,2018/10/29,14:51:31,2948.0,500,ask,
6324,2018/10/29,14:51:31,2948.0,100,trade,
6324,2018/10/29,14:51:31,2949.0,100,ask,
6324,2018/10/29,14:51:31,2946.0,300,bid,
6324,2018/10/29,14:51:31,2945.0,300,bid,
6324,2018/10/29,14:51:31,2945.0,100,bid,
6324,2018/10/29,14:51:31,2948.0,400,trade,
6324,2018/10/29,14:51:31,2948.0,100,ask,
6324,2018/10/29,14:51:31,2946.0,200,bid,
6324,2018/10/29,14:51:31,2948.0,600,trade,
6324,2018/10/29,14:51:31,2949.0,100,ask,
6324,2018/10/29,14:51:31,2948.0,400,bid,
6324,2018/10/29,14:51:24,2944.0,600,bid,
6324,2018/10/29,14:51:24,2945.0,200,bid,
6324,2018/10/29,14:51:24,2948.0,600,ask,
6324,2018/10/29,14:51:24,2944.0,600,bid,
6324,2018/10/29,14:51:24,2944.0,300,bid,
6324,2018/10/29,14:51:24,2943.0,900,bid,
6324,2018/10/29,14:51:24,2948.0,800,ask,
6324,2018/10/29,14:51:24,2946.0,100,trade,
6324,2018/10/29,14:51:24,2945.0,100,bid,
6324,2018/10/29,14:51:24,2948.0,700,ask,
6324,2018/10/29,14:51:24,2948.0,200,ask,
6324,2018/10/29,14:51:23,2946.0,100,bid,
6324,2018/10/29,14:51:23,2948.0,100,trade,
6324,2018/10/29,14:51:23,2947.0,300,bid,
6324,2018/10/29,14:51:23,2948.0,100,bid,
6324,2018/10/29,14:51:23,2948.0,100,trade,
6324,2018/10/29,14:51:23,2947.0,300,bid,
6324,2018/10/29,14:51:23,2949.0,600,ask,
6324,2018/10/29,14:51:23,2949.0,500,ask,
6324,2018/10/29,14:51:23,2949.0,800,trade,
6324,2018/10/29,14:51:23,2950.0,300,ask,
6324,2018/10/29,14:51:23,2948.0,100,bid,
6324,2018/10/29,14:51:23,2947.0,300,bid,
6324,2018/10/29,14:51:23,2946.0,200,bid,
6324,2018/10/29,14:51:21,2946.0,100,bid,
6324,2018/10/29,14:51:21,2949.0,800,ask,
6324,2018/10/29,14:51:18,2949.0,700,ask,
6324,2018/10/29,14:51:18,2949.0,700,trade,
6324,2018/10/29,14:51:18,2949.0,600,ask,
6324,2018/10/29,14:51:18,2946.0,400,bid,
6324,2018/10/29,14:51:16,2946.0,300,bid,
6324,2018/10/29,14:51:16,2945.0,300,bid,
6324,2018/10/29,14:51:15,2946.0,100,trade,
6324,2018/10/29,14:51:15,2945.0,200,bid,
6324,2018/10/29,14:51:12,2949.0,1300,ask,
6324,2018/10/29,14:51:12,2946.0,100,trade,
6324,2018/10/29,14:51:12,2946.0,100,bid,
6324,2018/10/29,14:51:10,2949.0,1000,ask,
6324,2018/10/29,14:51:08,2949.0,800,ask,
6324,2018/10/29,14:51:07,2949.0,300,ask,
6324,2018/10/29,14:51:06,2949.0,200,ask,
6324,2018/10/29,14:51:06,2949.0,400,ask,
6324,2018/10/29,14:51:06,2949.0,200,ask,
6324,2018/10/29,14:51:06,2950.0,1400,ask,
6324,2018/10/29,14:51:02,2950.0,1200,ask,
6324,2018/10/29,14:51:01,2950.0,1100,ask,
6324,2018/10/29,14:51:01,2950.0,1000,ask,
6324,2018/10/29,14:51:01,2950.0,1100,ask,
6324,2018/10/29,14:51:01,2949.0,200,ask,
6324,2018/10/29,14:51:01,2950.0,1300,ask,
6324,2018/10/29,14:50:59,2946.0,200,bid,
6324,2018/10/29,14:50:59,2946.0,100,bid,
6324,2018/10/29,14:50:57,2945.0,100,bid,
6324,2018/10/29,14:50:57,2950.0,1200,ask,
6324,2018/10/29,14:50:52,2945.0,300,bid,
6324,2018/10/29,14:50:51,2950.0,1100,ask,
6324,2018/10/29,14:50:51,2950.0,1000,ask,
6324,2018/10/29,14:50:51,2949.0,200,ask,
6324,2018/10/29,14:50:43,2950.0,1100,ask,
6324,2018/10/29,14:50:42,2948.0,500,trade,
6324,2018/10/29,14:50:42,2945.0,200,bid,
6324,2018/10/29,14:50:42,2950.0,800,ask,
6324,2018/10/29,14:50:41,2950.0,300,ask,
6324,2018/10/29,14:50:41,2951.0,700,ask,
6324,2018/10/29,14:50:41,2951.0,600,ask,
6324,2018/10/29,14:50:41,2950.0,200,ask,
6324,2018/10/29,14:50:41,2948.0,600,trade,
6324,2018/10/29,14:50:41,2950.0,300,ask,
6324,2018/10/29,14:50:41,2948.0,500,bid,
6324,2018/10/29,14:50:40,2945.0,200,bid,
6324,2018/10/29,14:50:40,2948.0,600,ask,
6324,2018/10/29,14:50:39,2946.0,300,bid,
6324,2018/10/29,14:50:39,2948.0,500,ask,
6324,2018/10/29,14:50:39,2947.0,100,trade,
6324,2018/10/29,14:50:39,2948.0,800,ask,
6324,2018/10/29,14:50:39,2947.0,100,ask,
6324,2018/10/29,14:50:39,2948.0,800,ask,
6324,2018/10/29,14:50:38,2945.0,200,bid,
6324,2018/10/29,14:50:38,2943.0,600,bid,
6324,2018/10/29,14:50:38,2943.0,300,bid,
6324,2018/10/29,14:50:38,2944.0,300,bid,
6324,2018/10/29,14:50:38,2943.0,300,bid,
6324,2018/10/29,14:50:38,2942.0,1200,bid,
6324,2018/10/29,14:50:38,2943.0,100,bid,
6324,2018/10/29,14:50:38,2948.0,700,ask,
6324,2018/10/29,14:50:38,2948.0,600,ask,
6324,2018/10/29,14:50:38,2948.0,200,ask,
6324,2018/10/29,14:50:38,2948.0,100,ask,
6324,2018/10/29,14:50:38,2945.0,200,bid,
6324,2018/10/29,14:50:38,2946.0,300,bid,
6324,2018/10/29,14:50:38,2945.0,500,bid,
6324,2018/10/29,14:50:38,2945.0,600,bid,
6324,2018/10/29,14:50:38,2948.0,100,trade,
6324,2018/10/29,14:50:38,2945.0,300,bid,
6324,2018/10/29,14:50:38,2948.0,100,trade,
6324,2018/10/29,14:50:38,2948.0,100,bid,
6324,2018/10/29,14:50:38,2951.0,1300,ask,
6324,2018/10/29,14:50:36,2951.0,1100,ask,
6324,2018/10/29,14:50:32,2951.0,1000,ask,
6324,2018/10/29,14:50:32,2951.0,800,ask,
6324,2018/10/29,14:50:32,2951.0,1000,ask,
6324,2018/10/29,14:50:32,2951.0,900,ask,
6324,2018/10/29,14:50:32,2949.0,200,trade,
6324,2018/10/29,14:50:32,2948.0,200,bid,
6324,2018/10/29,14:50:32,2950.0,100,trade,
6324,2018/10/29,14:50:32,2951.0,1000,ask,
6324,2018/10/29,14:50:32,2950.0,100,ask,
6324,2018/10/29,14:50:32,2951.0,1000,ask,
6324,2018/10/29,14:50:32,2951.0,1100,ask,
6324,2018/10/29,14:50:31,2951.0,800,ask,
6324,2018/10/29,14:50:31,2951.0,700,ask,
6324,2018/10/29,14:50:31,2949.0,200,bid,
6324,2018/10/29,14:50:31,2951.0,600,ask,
6324,2018/10/29,14:50:31,2951.0,500,ask,
6324,2018/10/29,14:50:31,2951.0,100,ask,
6324,2018/10/29,14:50:31,2952.0,2300,ask,
6324,2018/10/29,14:50:30,2949.0,400,bid,
6324,2018/10/29,14:50:30,2952.0,2400,ask,
6324,2018/10/29,14:50:29,2952.0,2000,ask,
6324,2018/10/29,14:50:29,2949.0,300,bid,
6324,2018/10/29,14:50:29,2949.0,200,bid,
6324,2018/10/29,14:50:29,2948.0,300,bid,
6324,2018/10/29,14:50:29,2949.0,200,trade,
6324,2018/10/29,14:50:29,2948.0,200,bid,
6324,2018/10/29,14:50:24,2949.0,200,bid,
6324,2018/10/29,14:50:22,2949.0,100,trade,
6324,2018/10/29,14:50:22,2948.0,200,bid,
6324,2018/10/29,14:50:21,2952.0,1900,ask,
6324,2018/10/29,14:50:21,2951.0,200,trade,
6324,2018/10/29,14:50:21,2949.0,100,bid,
6324,2018/10/29,14:50:21,2951.0,200,bid,
6324,2018/10/29,14:50:21,2952.0,2100,ask,
6324,2018/10/29,14:50:21,2952.0,1800,ask,
6324,2018/10/29,14:50:20,2952.0,1700,ask,
6324,2018/10/29,14:50:20,2952.0,2000,ask,
6324,2018/10/29,14:50:20,2951.0,200,trade,
6324,2018/10/29,14:50:20,2952.0,2100,ask,
6324,2018/10/29,14:50:20,2951.0,200,ask,
6324,2018/10/29,14:50:16,2952.0,2100,ask,
6324,2018/10/29,14:50:16,2952.0,1600,ask,
6324,2018/10/29,14:50:15,2952.0,1500,ask,
6324,2018/10/29,14:50:15,2952.0,1000,ask,
6324,2018/10/29,14:50:15,2952.0,800,ask,
6324,2018/10/29,14:50:14,2952.0,700,ask,
6324,2018/10/29,14:50:14,2952.0,600,ask,
6324,2018/10/29,14:50:14,2952.0,500,ask,
6324,2018/10/29,14:50:14,2952.0,100,ask,
6324,2018/10/29,14:50:14,2953.0,1300,ask,
6324,2018/10/29,14:50:14,2952.0,200,ask,
6324,2018/10/29,14:50:13,2953.0,1500,ask,
6324,2018/10/29,14:50:13,2953.0,1100,ask,
6324,2018/10/29,14:50:11,2949.0,100,bid,
6324,2018/10/29,14:50:11,2953.0,1000,ask,
6324,2018/10/29,14:50:11,2953.0,600,ask,
6324,2018/10/29,14:50:11,2953.0,500,ask,
6324,2018/10/29,14:50:11,2953.0,400,ask,
6324,2018/10/29,14:50:11,2953.0,200,ask,
6324,2018/10/29,14:50:10,2950.0,200,bid,
6324,2018/10/29,14:50:10,2953.0,100,ask,
6324,2018/10/29,14:50:10,2953.0,300,ask,
6324,2018/10/29,14:50:10,2953.0,200,ask,
6324,2018/10/29,14:50:10,2950.0,200,trade,
6324,2018/10/29,14:50:10,2949.0,100,bid,
6324,2018/10/29,14:50:10,2954.0,2200,ask,
6324,2018/10/29,14:50:10,2950.0,200,bid,
6324,2018/10/29,14:50:10,2951.0,100,bid,
6324,2018/10/29,14:50:10,2950.0,200,bid,
6324,2018/10/29,14:50:10,2951.0,100,bid,
6324,2018/10/29,14:50:10,2950.0,200,bid,
6324,2018/10/29,14:50:10,2951.0,100,bid,
6324,2018/10/29,14:50:09,2950.0,200,bid,
6324,2018/10/29,14:50:09,2951.0,100,trade,
6324,2018/10/29,14:50:09,2951.0,100,bid,
6324,2018/10/29,14:50:09,2951.0,200,bid,
6324,2018/10/29,14:50:09,2954.0,1700,ask,
6324,2018/10/29,14:50:05,2950.0,200,bid,
6324,2018/10/29,14:50:03,2954.0,1800,ask,
6324,2018/10/29,14:50:01,2954.0,1700,ask,
6324,2018/10/29,14:50:01,2950.0,100,bid,
6324,2018/10/29,14:50:00,2954.0,1800,ask,
6324,2018/10/29,14:50:00,2954.0,100,trade,
6324,2018/10/29,14:50:00,2954.0,1700,ask,
6324,2018/10/29,14:50:00,2954.0,1800,ask,
6324,2018/10/29,14:50:00,2950.0,100,trade,
6324,2018/10/29,14:50:00,2949.0,100,bid,
6324,2018/10/29,14:50:00,2950.0,100,trade,
6324,2018/10/29,14:50:00,2950.0,100,bid,
6324,2018/10/29,14:50:00,2950.0,100,trade,
6324,2018/10/29,14:50:00,2950.0,200,bid,
6324,2018/10/29,14:50:00,2950.0,100,trade,
6324,2018/10/29,14:50:00,2950.0,300,bid,
6324,2018/10/29,14:50:00,2950.0,100,trade,
6324,2018/10/29,14:50:00,2950.0,400,bid,
6324,2018/10/29,14:50:00,2950.0,100,trade,
6324,2018/10/29,14:50:00,2950.0,500,bid,
6324,2018/10/29,14:50:00,2950.0,200,trade,
6324,2018/10/29,14:50:00,2950.0,600,bid,
6324,2018/10/29,14:49:57,2954.0,1700,ask,
6324,2018/10/29,14:49:46,2951.0,300,trade,
6324,2018/10/29,14:49:46,2950.0,800,bid,
6324,2018/10/29,14:49:46,2954.0,1600,ask,
6324,2018/10/29,14:49:38,2954.0,1500,ask,
6324,2018/10/29,14:49:35,2954.0,1400,ask,
6324,2018/10/29,14:49:35,2954.0,900,ask,
6324,2018/10/29,14:49:35,2954.0,800,ask,
6324,2018/10/29,14:49:34,2954.0,700,ask,
6324,2018/10/29,14:49:34,2954.0,600,ask,
6324,2018/10/29,14:49:34,2954.0,500,ask,
6324,2018/10/29,14:49:34,2954.0,200,ask,
6324,2018/10/29,14:49:34,2955.0,1200,ask,
6324,2018/10/29,14:49:28,2955.0,1100,ask,
6324,2018/10/29,14:49:22,2951.0,300,bid,
6324,2018/10/29,14:49:21,2951.0,200,bid,
6324,2018/10/29,14:49:21,2952.0,100,trade,
6324,2018/10/29,14:49:21,2951.0,500,bid,
6324,2018/10/29,14:49:21,2955.0,900,ask,
6324,2018/10/29,14:49:21,2954.0,200,ask,
6324,2018/10/29,14:49:21,2952.0,100,trade,
6324,2018/10/29,14:49:21,2952.0,100,bid,
6324,2018/10/29,14:49:19,2955.0,1200,ask,
6324,2018/10/29,14:49:17,2955.0,1100,ask,
6324,2018/10/29,14:49:16,2952.0,200,bid,
6324,2018/10/29,14:49:16,2955.0,1000,ask,
6324,2018/10/29,14:49:12,2952.0,400,bid,
6324,2018/10/29,14:49:12,2952.0,300,bid,
6324,2018/10/29,14:49:11,2952.0,200,bid,
6324,2018/10/29,14:49:11,2952.0,600,bid,
6324,2018/10/29,14:49:11,2955.0,600,ask,
6324,2018/10/29,14:49:11,2952.0,200,bid,
6324,2018/10/29,14:49:11,2951.0,500,bid,
6324,2018/10/29,14:49:11,2955.0,800,ask,
6324,2018/10/29,14:49:11,2955.0,1100,ask,
6324,2018/10/29,14:49:11,2953.0,100,trade,
6324,2018/10/29,14:49:11,2955.0,1200,ask,
6324,2018/10/29,14:49:11,2953.0,100,ask,
6324,2018/10/29,14:49:08,2952.0,100,trade,
6324,2018/10/29,14:49:08,2951.0,200,bid,
6324,2018/10/29,14:49:08,2952.0,100,trade,
6324,2018/10/29,14:49:08,2952.0,100,bid,
6324,2018/10/29,14:48:57,2955.0,1200,ask,
6324,2018/10/29,14:48:53,2955.0,1100,ask,
6324,2018/10/29,14:48:35,2955.0,1000,ask,
6324,2018/10/29,14:48:31,2955.0,800,ask,
6324,2018/10/29,14:48:31,2955.0,600,ask,
6324,2018/10/29,14:48:30,2955.0,500,ask,
6324,2018/10/29,14:48:30,2955.0,200,ask,
6324,2018/10/29,14:48:30,2956.0,1600,ask,
6324,2018/10/29,14:48:30,2956.0,1300,ask,
6324,2018/10/29,14:48:28,2952.0,200,trade,
6324,2018/10/29,14:48:28,2952.0,200,bid,
6324,2018/10/29,14:48:28,2953.0,300,trade,
6324,2018/10/29,14:48:28,2952.0,400,bid,
6324,2018/10/29,14:48:28,2956.0,1200,ask,
6324,2018/10/29,14:48:28,2956.0,1100,ask,
6324,2018/10/29,14:48:24,2953.0,300,bid,
6324,2018/10/29,14:48:21,2956.0,1000,ask,
6324,2018/10/29,14:48:21,2956.0,900,ask,
6324,2018/10/29,14:48:19,2956.0,800,ask,
6324,2018/10/29,14:48:19,2956.0,800,trade,
6324,2018/10/29,14:48:19,2956.0,300,ask,
6324,2018/10/29,14:48:15,2953.0,200,bid,
6324,2018/10/29,14:48:14,2953.0,100,bid,
6324,2018/10/29,14:48:13,2952.0,400,bid,
6324,2018/10/29,14:48:13,2952.0,300,bid,
6324,2018/10/29,14:48:13,2953.0,100,trade,
6324,2018/10/29,14:48:13,2952.0,200,bid,
6324,2018/10/29,14:48:12,2956.0,1100,ask,
6324,2018/10/29,14:48:12,2956.0,900,ask,
6324,2018/10/29,14:48:12,2953.0,100,bid,
6324,2018/10/29,14:48:12,2955.0,100,bid,
6324,2018/10/29,14:48:12,2955.0,200,trade,
6324,2018/10/29,14:48:12,2953.0,100,bid,
6324,2018/10/29,14:48:12,2955.0,200,bid,
6324,2018/10/29,14:48:12,2956.0,1000,ask,
6324,2018/10/29,14:48:12,2956.0,1100,ask,
6324,2018/10/29,14:48:12,2955.0,200,ask,
6324,2018/10/29,14:47:59,2956.0,1100,ask,
6324,2018/10/29,14:47:53,2956.0,1000,ask,
6324,2018/10/29,14:47:48,2956.0,800,ask,
6324,2018/10/29,14:47:48,2956.0,700,ask,
6324,2018/10/29,14:47:48,2956.0,500,ask,
6324,2018/10/29,14:47:48,2957.0,900,ask,
6324,2018/10/29,14:47:48,2957.0,1000,ask,
6324,2018/10/29,14:47:48,2956.0,200,ask,
6324,2018/10/29,14:47:46,2953.0,100,trade,
6324,2018/10/29,14:47:46,2953.0,100,bid,
6324,2018/10/29,14:47:40,2957.0,1000,ask,
6324,2018/10/29,14:47:38,2957.0,700,ask,
6324,2018/10/29,14:47:37,2957.0,600,ask,
6324,2018/10/29,14:47:33,2957.0,100,trade,
6324,2018/10/29,14:47:33,2957.0,500,ask,
6324,2018/10/29,14:47:30,2957.0,100,trade,
6324,2018/10/29,14:47:30,2957.0,600,ask,
6324,2018/10/29,14:47:18,2957.0,700,ask,
6324,2018/10/29,14:47:18,2957.0,600,ask,
6324,2018/10/29,14:47:18,2957.0,700,ask,
6324,2018/10/29,14:47:18,2956.0,200,ask,
6324,2018/10/29,14:47:16,2957.0,700,ask,
6324,2018/10/29,14:47:15,2957.0,600,ask,
6324,2018/10/29,14:47:11,2957.0,300,trade,
6324,2018/10/29,14:47:11,2957.0,500,ask,
6324,2018/10/29,14:47:09,2957.0,800,ask,
6324,2018/10/29,14:47:09,2957.0,600,ask,
6324,2018/10/29,14:47:03,2953.0,200,bid,
6324,2018/10/29,14:47:00,2957.0,400,ask,
6324,2018/10/29,14:46:59,2957.0,300,ask,
6324,2018/10/29,14:46:59,2957.0,100,trade,
6324,2018/10/29,14:46:59,2957.0,200,ask,
6324,2018/10/29,14:46:57,2957.0,300,ask,
6324,2018/10/29,14:46:57,2958.0,2000,ask,
6324,2018/10/29,14:46:57,2957.0,100,trade,
6324,2018/10/29,14:46:57,2958.0,1800,ask,
6324,2018/10/29,14:46:57,2957.0,100,ask,
6324,2018/10/29,14:46:55,2958.0,1800,ask,
6324,2018/10/29,14:46:55,2958.0,1900,ask,
6324,2018/10/29,14:46:54,2958.0,2100,ask,
6324,2018/10/29,14:46:54,2953.0,100,bid,
6324,2018/10/29,14:46:54,2954.0,100,bid,
6324,2018/10/29,14:46:54,2954.0,100,trade,
6324,2018/10/29,14:46:54,2956.0,200,ask,
6324,2018/10/29,14:46:54,2954.0,100,ask,
6324,2018/10/29,14:46:54,2958.0,2100,ask,
6324,2018/10/29,14:46:48,2955.0,100,trade,
6324,2018/10/29,14:46:48,2953.0,100,bid,
6324,2018/10/29,14:46:48,2958.0,2200,ask,
6324,2018/10/29,14:46:43,2955.0,100,bid,
6324,2018/10/29,14:46:43,2955.0,100,trade,
6324,2018/10/29,14:46:43,2953.0,100,bid,
6324,2018/10/29,14:46:43,2955.0,100,trade,
6324,2018/10/29,14:46:43,2955.0,100,bid,
6324,2018/10/29,14:46:43,2955.0,100,trade,
6324,2018/10/29,14:46:43,2955.0,200,bid,
6324,2018/10/29,14:46:40,2955.0,100,trade,
6324,2018/10/29,14:46:40,2955.0,300,bid,
6324,2018/10/29,14:46:40,2958.0,1800,ask,
6324,2018/10/29,14:46:40,2958.0,1600,ask,
6324,2018/10/29,14:46:40,2958.0,1700,ask,
6324,2018/10/29,14:46:40,2957.0,100,trade,
6324,2018/10/29,14:46:40,2958.0,1800,ask,
6324,2018/10/29,14:46:40,2957.0,100,ask,
6324,2018/10/29,14:46:40,2958.0,1800,ask,
6324,2018/10/29,14:46:39,2955.0,400,bid,
6324,2018/10/29,14:46:39,2955.0,300,bid,
6324,2018/10/29,14:46:28,2958.0,1900,ask,
6324,2018/10/29,14:46:12,2958.0,1800,ask,
6324,2018/10/29,14:46:06,2955.0,200,bid,
6324,2018/10/29,14:46:06,2958.0,1700,ask,
6324,2018/10/29,14:46:03,2958.0,1600,ask,
6324,2018/10/29,14:46:01,2956.0,100,trade,
6324,2018/10/29,14:46:01,2955.0,100,bid,
6324,2018/10/29,14:46:01,2958.0,1500,ask,
6324,2018/10/29,14:46:00,2958.0,1400,ask,
6324,2018/10/29,14:45:59,2958.0,1500,ask,
6324,2018/10/29,14:45:59,2956.0,100,bid,
6324,2018/10/29,14:45:59,2958.0,1600,ask,
6324,2018/10/29,14:45:59,2958.0,1300,ask,
6324,2018/10/29,14:45:59,2956.0,100,trade,
6324,2018/10/29,14:45:59,2958.0,1600,ask,
6324,2018/10/29,14:45:59,2956.0,100,ask,
6324,2018/10/29,14:45:57,2958.0,1600,ask,
6324,2018/10/29,14:45:56,2955.0,100,bid,
6324,2018/10/29,14:45:55,2958.0,1200,ask,
6324,2018/10/29,14:45:53,2954.0,200,bid,
6324,2018/10/29,14:45:53,2953.0,100,bid,
6324,2018/10/29,14:45:53,2958.0,1100,ask,
6324,2018/10/29,14:45:53,2958.0,600,ask,
6324,2018/10/29,14:45:53,2958.0,500,ask,
6324,2018/10/29,14:45:52,2958.0,400,ask,
6324,2018/10/29,14:45:52,2958.0,100,ask,
6324,2018/10/29,14:45:51,2959.0,800,ask,
6324,2018/10/29,14:45:50,2959.0,700,ask,
6324,2018/10/29,14:45:49,2959.0,600,ask,
6324,2018/10/29,14:45:49,2959.0,300,ask,
6324,2018/10/29,14:45:49,2959.0,200,ask,
6324,2018/10/29,14:45:49,2960.0,1300,ask,
6324,2018/10/29,14:45:49,2960.0,1100,ask,
6324,2018/10/29,14:45:49,2960.0,1300,ask,
6324,2018/10/29,14:45:49,2954.0,200,bid,
6324,2018/10/29,14:45:49,2960.0,1200,ask,
6324,2018/10/29,14:45:49,2959.0,100,ask,
6324,2018/10/29,14:45:49,2959.0,300,ask,
6324,2018/10/29,14:45:49,2954.0,500,bid,
6324,2018/10/29,14:45:49,2959.0,200,ask,
6324,2018/10/29,14:45:49,2958.0,200,trade,
6324,2018/10/29,14:45:49,2954.0,200,bid,
6324,2018/10/29,14:45:49,2960.0,1200,ask,
6324,2018/10/29,14:45:48,2960.0,700,ask,
6324,2018/10/29,14:45:45,2960.0,600,ask,
6324,2018/10/29,14:45:44,2960.0,500,ask,
6324,2018/10/29,14:45:44,2960.0,400,ask,
6324,2018/10/29,14:45:43,2960.0,100,ask,
6324,2018/10/29,14:45:43,2961.0,900,ask,
6324,2018/10/29,14:45:42,2959.0,100,trade,
6324,2018/10/29,14:45:42,2958.0,200,bid,
6324,2018/10/29,14:45:42,2960.0,400,trade,
6324,2018/10/29,14:45:42,2959.0,100,bid,
6324,2018/10/29,14:45:42,2960.0,400,bid,
6324,2018/10/29,14:45:42,2961.0,200,trade,
6324,2018/10/29,14:45:42,2961.0,800,ask,
6324,2018/10/29,14:45:42,2960.0,700,bid,
6324,2018/10/29,14:45:39,2966.0,1300,ask,
6324,2018/10/29,14:45:36,2966.0,1200,ask,
6324,2018/10/29,14:45:36,2961.0,200,bid,
6324,2018/10/29,14:45:36,2966.0,1300,ask,
6324,2018/10/29,14:45:36,2961.0,300,trade,
6324,2018/10/29,14:45:36,2960.0,400,bid,
6324,2018/10/29,14:45:36,2961.0,200,trade,
6324,2018/10/29,14:45:36,2961.0,300,bid,
6324,2018/10/29,14:45:36,2966.0,1200,ask,
6324,2018/10/29,14:45:36,2961.0,500,bid,
6324,2018/10/29,14:45:36,2961.0,300,bid,
6324,2018/10/29,14:45:32,2966.0,1300,ask,
6324,2018/10/29,14:45:32,2961.0,200,bid,
6324,2018/10/29,14:45:31,2966.0,1200,ask,
6324,2018/10/29,14:45:31,2966.0,1100,ask,
6324,2018/10/29,14:45:30,2962.0,100,bid,
6324,2018/10/29,14:45:30,2963.0,200,trade,
6324,2018/10/29,14:45:30,2962.0,200,bid,
6324,2018/10/29,14:45:30,2966.0,600,ask,
6324,2018/10/29,14:45:29,2966.0,500,ask,
6324,2018/10/29,14:45:28,2966.0,400,ask,
6324,2018/10/29,14:45:28,2966.0,200,ask,
6324,2018/10/29,14:45:28,2963.0,200,bid,
6324,2018/10/29,14:45:23,2967.0,1000,ask,
6324,2018/10/29,14:45:23,2964.0,100,trade,
6324,2018/10/29,14:45:23,2963.0,400,bid,
6324,2018/10/29,14:45:23,2967.0,900,ask,
6324,2018/10/29,14:45:22,2967.0,600,ask,
6324,2018/10/29,14:45:21,2967.0,100,trade,
6324,2018/10/29,14:45:21,2967.0,500,ask,
6324,2018/10/29,14:45:21,2967.0,600,ask,
6324,2018/10/29,14:45:21,2967.0,400,ask,
6324,2018/10/29,14:45:19,2968.0,1800,ask,
6324,2018/10/29,14:45:09,2964.0,300,trade,
6324,2018/10/29,14:45:09,2964.0,100,bid,
6324,2018/10/29,14:45:09,2964.0,400,bid,
6324,2018/10/29,14:45:05,2968.0,1700,ask,
6324,2018/10/29,14:45:05,2964.0,300,bid,
6324,2018/10/29,14:45:03,2964.0,200,bid,
6324,2018/10/29,14:45:03,2964.0,400,bid,
6324,2018/10/29,14:45:03,2964.0,200,bid,
6324,2018/10/29,14:45:03,2968.0,1600,ask,
6324,2018/10/29,14:45:03,2968.0,1700,ask,
6324,2018/10/29,14:45:03,2963.0,400,bid,
6324,2018/10/29,14:45:03,2963.0,200,bid,
6324,2018/10/29,14:45:02,2963.0,100,bid,
6324,2018/10/29,14:44:58,2968.0,1800,ask,
6324,2018/10/29,14:44:49,2962.0,200,bid,
6324,2018/10/29,14:44:48,2963.0,100,trade,
6324,2018/10/29,14:44:48,2962.0,100,bid,
6324,2018/10/29,14:44:48,2968.0,1300,ask,
6324,2018/10/29,14:44:48,2968.0,1200,ask,
6324,2018/10/29,14:44:48,2964.0,100,trade,
6324,2018/10/29,14:44:48,2963.0,100,bid,
6324,2018/10/29,14:44:47,2964.0,100,trade,
6324,2018/10/29,14:44:47,2964.0,100,bid,
6324,2018/10/29,14:44:47,2965.0,100,trade,
6324,2018/10/29,14:44:47,2964.0,200,bid,
6324,2018/10/29,14:44:47,2965.0,100,trade,
6324,2018/10/29,14:44:47,2965.0,100,bid,
6324,2018/10/29,14:44:45,2966.0,100,trade,
6324,2018/10/29,14:44:45,2965.0,200,bid,
6324,2018/10/29,14:44:45,2968.0,1100,ask,
6324,2018/10/29,14:44:44,2968.0,600,ask,
6324,2018/10/29,14:44:44,2968.0,600,trade,
6324,2018/10/29,14:44:44,2968.0,500,ask,
6324,2018/10/29,14:44:43,2968.0,1100,ask,
6324,2018/10/29,14:44:39,2968.0,1300,ask,
6324,2018/10/29,14:44:39,2966.0,100,bid,
6324,2018/10/29,14:44:38,2965.0,100,trade,
6324,2018/10/29,14:44:38,2965.0,100,bid,
6324,2018/10/29,14:44:38,2968.0,1400,ask,
6324,2018/10/29,14:44:36,2968.0,1300,ask,
6324,2018/10/29,14:44:33,2968.0,1200,ask,
6324,2018/10/29,14:44:26,2968.0,1100,ask,
6324,2018/10/29,14:44:19,2968.0,1000,ask,
6324,2018/10/29,14:44:17,2965.0,200,bid,
6324,2018/10/29,14:44:17,2965.0,100,bid,
6324,2018/10/29,14:44:15,2968.0,400,ask,
6324,2018/10/29,14:44:11,2964.0,100,bid,
6324,2018/10/29,14:44:11,2966.0,200,trade,
6324,2018/10/29,14:44:11,2965.0,500,bid,
6324,2018/10/29,14:44:11,2966.0,200,bid,
6324,2018/10/29,14:44:11,2966.0,100,trade,
6324,2018/10/29,14:44:11,2966.0,300,bid,
6324,2018/10/29,14:44:11,2966.0,300,trade,
6324,2018/10/29,14:44:11,2966.0,400,bid,
6324,2018/10/29,14:44:11,2968.0,200,ask,
6324,2018/10/29,14:44:09,2969.0,500,ask,
6324,2018/10/29,14:44:08,2966.0,700,bid,
6324,2018/10/29,14:44:03,2966.0,600,bid,
6324,2018/10/29,14:44:02,2966.0,500,bid,
6324,2018/10/29,14:44:02,2965.0,100,bid,
6324,2018/10/29,14:44:02,2967.0,500,bid,
6324,2018/10/29,14:44:01,2969.0,100,trade,
6324,2018/10/29,14:44:01,2969.0,400,ask,
6324,2018/10/29,14:44:01,2969.0,500,ask,
6324,2018/10/29,14:44:01,2969.0,100,trade,
6324,2018/10/29,14:44:01,2969.0,400,ask,
6324,2018/10/29,14:44:01,2967.0,600,bid,
6324,2018/10/29,14:44:01,2967.0,700,bid,
6324,2018/10/29,14:44:01,2969.0,500,ask,
6324,2018/10/29,14:44:01,2967.0,600,bid,
6324,2018/10/29,14:44:01,2967.0,500,bid,
6324,2018/10/29,14:44:01,2969.0,300,trade,
6324,2018/10/29,14:44:01,2970.0,200,ask,
6324,2018/10/29,14:44:01,2969.0,1100,trade,
6324,2018/10/29,14:44:01,2969.0,300,ask,
6324,2018/10/29,14:44:01,2966.0,200,bid,
6324,2018/10/29,14:44:01,2965.0,500,bid,
6324,2018/10/29,14:44:01,2964.0,100,bid,
6324,2018/10/29,14:44:01,2964.0,200,bid,
6324,2018/10/29,14:43:52,2969.0,1400,ask,
6324,2018/10/29,14:43:49,2969.0,1300,ask,
6324,2018/10/29,14:43:49,2969.0,1100,ask,
6324,2018/10/29,14:43:49,2965.0,100,trade,
6324,2018/10/29,14:43:49,2964.0,100,bid,
6324,2018/10/29,14:43:46,2969.0,600,ask,
6324,2018/10/29,14:43:45,2965.0,100,bid,
6324,2018/10/29,14:43:45,2966.0,200,trade,
6324,2018/10/29,14:43:45,2965.0,200,bid,
6324,2018/10/29,14:43:45,2969.0,500,ask,
6324,2018/10/29,14:43:45,2969.0,400,ask,
6324,2018/10/29,14:43:45,2970.0,200,ask,
6324,2018/10/29,14:43:45,2971.0,1100,ask,
6324,2018/10/29,14:43:45,2971.0,1200,ask,
6324,2018/10/29,14:43:45,2971.0,1400,ask,
6324,2018/10/29,14:43:41,2966.0,200,bid,
6324,2018/10/29,14:43:40,2967.0,100,trade,
6324,2018/10/29,14:43:40,2966.0,400,bid,
6324,2018/10/29,14:43:33,2967.0,100,bid,
6324,2018/10/29,14:43:33,2971.0,1500,ask,
6324,2018/10/29,14:43:33,2966.0,400,bid,
6324,2018/10/29,14:43:30,2971.0,1400,ask,
6324,2018/10/29,14:43:30,2967.0,500,bid,
6324,2018/10/29,14:43:30,2966.0,500,bid,
6324,2018/10/29,14:43:30,2966.0,300,bid,
6324,2018/10/29,14:43:20,2971.0,1500,ask,
6324,2018/10/29,14:43:15,2971.0,1400,ask,
6324,2018/10/29,14:43:13,2967.0,100,trade,
6324,2018/10/29,14:43:13,2966.0,200,bid,
6324,2018/10/29,14:43:13,2967.0,100,bid,
6324,2018/10/29,14:43:13,2968.0,100,bid,
6324,2018/10/29,14:43:10,2966.0,300,bid,
6324,2018/10/29,14:43:09,2971.0,1300,ask,
6324,2018/10/29,14:43:09,2967.0,100,bid,
6324,2018/10/29,14:43:09,2968.0,100,bid,
6324,2018/10/29,14:43:08,2971.0,1400,ask,
6324,2018/10/29,14:43:08,2966.0,200,bid,
6324,2018/10/29,14:43:08,2968.0,100,trade,
6324,2018/10/29,14:43:08,2967.0,100,bid,
6324,2018/10/29,14:43:08,2971.0,1300,ask,
6324,2018/10/29,14:43:08,2969.0,100,trade,
6324,2018/10/29,14:43:08,2968.0,100,bid,
6324,2018/10/29,14:43:00,2971.0,1200,ask,
6324,2018/10/29,14:42:56,2971.0,1000,ask,
6324,2018/10/29,14:42:56,2971.0,900,ask,
6324,2018/10/29,14:42:56,2971.0,1100,ask,
6324,2018/10/29,14:42:56,2971.0,1200,ask,
6324,2018/10/29,14:42:56,2970.0,100,trade,
6324,2018/10/29,14:42:56,2971.0,1300,ask,
6324,2018/10/29,14:42:56,2970.0,100,ask,
6324,2018/10/29,14:42:56,2971.0,1300,ask,
6324,2018/10/29,14:42:55,2969.0,100,bid,
6324,2018/10/29,14:42:55,2971.0,1400,ask,
6324,2018/10/29,14:42:55,2969.0,100,trade,
6324,2018/10/29,14:42:55,2968.0,100,bid,
6324,2018/10/29,14:42:55,2969.0,100,trade,
6324,2018/10/29,14:42:55,2969.0,100,bid,
6324,2018/10/29,14:42:55,2970.0,100,trade,
6324,2018/10/29,14:42:55,2969.0,200,bid,
6324,2018/10/29,14:42:52,2971.0,1300,ask,
6324,2018/10/29,14:42:51,2971.0,1200,ask,
6324,2018/10/29,14:42:50,2971.0,1000,ask,
6324,2018/10/29,14:42:50,2971.0,900,ask,
6324,2018/10/29,14:42:48,2971.0,400,ask,
6324,2018/10/29,14:42:48,2971.0,100,ask,
6324,2018/10/29,14:42:48,2972.0,1500,ask,
6324,2018/10/29,14:42:47,2970.0,100,bid,
6324,2018/10/29,14:42:47,2972.0,1600,ask,
6324,2018/10/29,14:42:47,2972.0,1700,ask,
6324,2018/10/29,14:42:47,2970.0,100,trade,
6324,2018/10/29,14:42:47,2969.0,200,bid,
6324,2018/10/29,14:42:47,2971.0,100,trade,
6324,2018/10/29,14:42:47,2971.0,100,ask,
6324,2018/10/29,14:42:47,2970.0,100,bid,
6324,2018/10/29,14:42:47,2972.0,1700,ask,
6324,2018/10/29,14:42:44,2972.0,1600,ask,
6324,2018/10/29,14:42:41,2972.0,1100,ask,
6324,2018/10/29,14:42:29,2972.0,1000,ask,
6324,2018/10/29,14:42:15,2972.0,900,ask,
6324,2018/10/29,14:42:10,2972.0,800,ask,
6324,2018/10/29,14:42:10,2972.0,900,ask,
6324,2018/10/29,14:42:10,2972.0,700,ask,
6324,2018/10/29,14:42:10,2971.0,100,bid,
6324,2018/10/29,14:42:10,2972.0,900,ask,
6324,2018/10/29,14:42:10,2971.0,200,ask,
6324,2018/10/29,14:42:10,2971.0,100,trade,
6324,2018/10/29,14:42:10,2969.0,100,bid,
6324,2018/10/29,14:42:10,2971.0,200,trade,
6324,2018/10/29,14:42:10,2971.0,100,bid,
6324,2018/10/29,14:42:09,2972.0,900,ask,
6324,2018/10/29,14:41:57,2972.0,500,ask,
6324,2018/10/29,14:41:56,2972.0,400,ask,
6324,2018/10/29,14:41:56,2972.0,300,ask,
6324,2018/10/29,14:41:56,2973.0,300,ask,
6324,2018/10/29,14:41:53,2973.0,400,ask,
6324,2018/10/29,14:41:49,2971.0,300,bid,
6324,2018/10/29,14:41:49,2971.0,200,bid,
6324,2018/10/29,14:41:49,2971.0,100,bid,
6324,2018/10/29,14:41:36,2970.0,100,trade,
6324,2018/10/29,14:41:36,2970.0,200,bid,
6324,2018/10/29,14:41:33,2970.0,100,trade,
6324,2018/10/29,14:41:33,2970.0,300,bid,
6324,2018/10/29,14:41:32,2973.0,300,ask,
6324,2018/10/29,14:41:27,2973.0,100,trade,
6324,2018/10/29,14:41:27,2973.0,200,ask,
6324,2018/10/29,14:41:10,2973.0,300,ask,
6324,2018/10/29,14:41:03,2970.0,400,bid,
6324,2018/10/29,14:41:02,2970.0,300,bid,
6324,2018/10/29,14:40:59,2973.0,200,ask,
6324,2018/10/29,14:40:59,2972.0,200,ask,
6324,2018/10/29,14:40:47,2973.0,200,ask,
6324,2018/10/29,14:40:34,2973.0,100,ask,
6324,2018/10/29,14:40:25,2970.0,200,bid,
6324,2018/10/29,14:40:24,2973.0,300,ask,
6324,2018/10/29,14:40:24,2973.0,200,ask,
6324,2018/10/29,14:40:24,2974.0,800,ask,
6324,2018/10/29,14:40:24,2974.0,700,ask,
6324,2018/10/29,14:40:24,2971.0,1600,trade,
6324,2018/10/29,14:40:24,2970.0,100,bid,
6324,2018/10/29,14:40:24,2974.0,600,ask,
6324,2018/10/29,14:40:16,2971.0,1600,bid,
6324,2018/10/29,14:40:11,2971.0,1500,bid,
6324,2018/10/29,14:40:10,2974.0,500,ask,
6324,2018/10/29,14:40:10,2971.0,1400,bid,
6324,2018/10/29,14:40:10,2973.0,200,ask,
6324,2018/10/29,14:40:10,2972.0,800,trade,
6324,2018/10/29,14:40:10,2971.0,1500,bid,
6324,2018/10/29,14:40:10,2972.0,800,bid,
6324,2018/10/29,14:40:09,2972.0,900,bid,
6324,2018/10/29,14:40:08,2972.0,800,bid,
6324,2018/10/29,14:40:08,2973.0,300,trade,
6324,2018/10/29,14:40:08,2974.0,500,ask,
6324,2018/10/29,14:40:08,2973.0,100,trade,
6324,2018/10/29,14:40:08,2973.0,300,ask,
6324,2018/10/29,14:40:08,2972.0,700,bid,
6324,2018/10/29,14:40:08,2972.0,500,bid,
6324,2018/10/29,14:40:08,2972.0,600,trade,
6324,2018/10/29,14:40:08,2973.0,400,ask,
6324,2018/10/29,14:40:08,2972.0,600,ask,
6324,2018/10/29,14:40:08,2971.0,200,trade,
6324,2018/10/29,14:40:08,2972.0,700,ask,
6324,2018/10/29,14:40:08,2971.0,1400,bid,
6324,2018/10/29,14:40:07,2971.0,200,ask,
6324,2018/10/29,14:40:07,2968.0,200,bid,
6324,2018/10/29,14:40:07,2970.0,200,trade,
6324,2018/10/29,14:40:07,2971.0,100,ask,
6324,2018/10/29,14:40:07,2969.0,200,bid,
6324,2018/10/29,14:40:07,2970.0,100,trade,
6324,2018/10/29,14:40:07,2970.0,200,ask,
6324,2018/10/29,14:40:07,2970.0,300,ask,
6324,2018/10/29,14:40:07,2970.0,100,ask,
6324,2018/10/29,14:40:07,2970.0,3700,trade,
6324,2018/10/29,14:40:07,2969.0,300,bid,
6324,2018/10/29,14:40:07,2971.0,200,ask,
6324,2018/10/29,14:40:07,2970.0,100,trade,
6324,2018/10/29,14:40:07,2970.0,3700,bid,
6324,2018/10/29,14:40:07,2970.0,100,trade,
6324,2018/10/29,14:40:07,2970.0,3800,bid,
6324,2018/10/29,14:40:07,2972.0,900,ask,
6324,2018/10/29,14:40:07,2970.0,800,trade,
6324,2018/10/29,14:40:07,2970.0,3900,bid,
6324,2018/10/29,14:40:07,2970.0,100,trade,
6324,2018/10/29,14:40:07,2970.0,4700,bid,
6324,2018/10/29,14:40:04,2972.0,800,ask,
6324,2018/10/29,14:40:04,2970.0,4800,bid,
6324,2018/10/29,14:40:03,2972.0,400,ask,
6324,2018/10/29,14:40:01,2970.0,100,trade,
6324,2018/10/29,14:40:01,2970.0,4700,bid,
6324,2018/10/29,14:40:01,2970.0,100,trade,
6324,2018/10/29,14:40:01,2970.0,4800,bid,
6324,2018/10/29,14:40:01,2970.0,100,trade,
6324,2018/10/29,14:40:01,2970.0,4900,bid,
6324,2018/10/29,14:40:01,2970.0,500,trade,
6324,2018/10/29,14:40:01,2970.0,5000,bid,
6324,2018/10/29,14:39:57,2971.0,200,trade,
6324,2018/10/29,14:39:57,2970.0,5500,bid,
6324,2018/10/29,14:39:57,2972.0,200,ask,
6324,2018/10/29,14:39:54,2971.0,200,bid,
6324,2018/10/29,14:39:54,2971.0,100,bid,
6324,2018/10/29,14:39:54,2971.0,200,bid,
6324,2018/10/29,14:39:54,2971.0,100,bid,
6324,2018/10/29,14:39:54,2970.0,5600,bid,
6324,2018/10/29,14:39:54,2970.0,5700,bid,
6324,2018/10/29,14:39:54,2971.0,100,bid,
6324,2018/10/29,14:39:54,2970.0,5700,bid,
6324,2018/10/29,14:39:54,2971.0,100,bid,
6324,2018/10/29,14:39:54,2970.0,5700,bid,
6324,2018/10/29,14:39:54,2971.0,100,bid,
6324,2018/10/29,14:39:53,2970.0,5700,bid,
6324,2018/10/29,14:39:53,2971.0,100,bid,
6324,2018/10/29,14:39:52,2970.0,5700,bid,
6324,2018/10/29,14:39:52,2971.0,100,bid,
6324,2018/10/29,14:39:51,2970.0,5600,bid,
6324,2018/10/29,14:39:51,2971.0,200,bid,
6324,2018/10/29,14:39:47,2970.0,5600,bid,
6324,2018/10/29,14:39:39,2973.0,500,ask,
6324,2018/10/29,14:39:37,2973.0,400,ask,
6324,2018/10/29,14:39:32,2972.0,1200,trade,
6324,2018/10/29,14:39:32,2973.0,300,ask,
6324,2018/10/29,14:39:18,2972.0,1200,ask,
6324,2018/10/29,14:39:13,2972.0,800,ask,
6324,2018/10/29,14:39:11,2972.0,100,ask,
6324,2018/10/29,14:39:11,2970.0,200,trade,
6324,2018/10/29,14:39:11,2970.0,5500,bid,
6324,2018/10/29,14:39:11,2970.0,600,trade,
6324,2018/10/29,14:39:11,2970.0,5700,bid,
6324,2018/10/29,14:39:11,2970.0,200,trade,
6324,2018/10/29,14:39:11,2970.0,6300,bid,
6324,2018/10/29,14:39:11,2972.0,300,ask,
6324,2018/10/29,14:39:11,2972.0,200,ask,
6324,2018/10/29,14:39:11,2970.0,6500,bid,
6324,2018/10/29,14:39:11,2971.0,200,trade,
6324,2018/10/29,14:39:11,2970.0,6700,bid,
6324,2018/10/29,14:39:11,2971.0,200,bid,
6324,2018/10/29,14:39:11,2971.0,100,trade,
6324,2018/10/29,14:39:11,2971.0,500,bid,
6324,2018/10/29,14:39:04,2973.0,800,ask,
6324,2018/10/29,14:38:57,2973.0,600,ask,
6324,2018/10/29,14:38:57,2971.0,600,bid,
6324,2018/10/29,14:38:52,2971.0,500,bid,
6324,2018/10/29,14:38:51,2971.0,400,bid,
6324,2018/10/29,14:38:50,2971.0,600,bid,
6324,2018/10/29,14:38:50,2973.0,500,ask,
6324,2018/10/29,14:38:50,2971.0,700,bid,
6324,2018/10/29,14:38:50,2973.0,100,bid,
6324,2018/10/29,14:38:50,2973.0,100,trade,
6324,2018/10/29,14:38:50,2971.0,700,bid,
6324,2018/10/29,14:38:50,2973.0,100,bid,
6324,2018/10/29,14:38:50,2971.0,400,bid,
6324,2018/10/29,14:38:50,2973.0,100,trade,
6324,2018/10/29,14:38:50,2974.0,100,ask,
6324,2018/10/29,14:38:50,2973.0,100,trade,
6324,2018/10/29,14:38:50,2973.0,100,ask,
6324,2018/10/29,14:38:50,2973.0,200,trade,
6324,2018/10/29,14:38:50,2973.0,200,ask,
6324,2018/10/29,14:38:50,2973.0,700,trade,
6324,2018/10/29,14:38:50,2973.0,400,ask,
6324,2018/10/29,14:38:50,2973.0,100,trade,
6324,2018/10/29,14:38:50,2973.0,1100,ask,
6324,2018/10/29,14:38:46,2971.0,100,trade,
6324,2018/10/29,14:38:46,2970.0,6400,bid,
6324,2018/10/29,14:38:44,2973.0,100,trade,
6324,2018/10/29,14:38:44,2973.0,1200,ask,
6324,2018/10/29,14:38:42,2971.0,100,bid,
6324,2018/10/29,14:38:41,2973.0,1300,ask,
6324,2018/10/29,14:38:37,2973.0,100,trade,
6324,2018/10/29,14:38:37,2973.0,1200,ask,
6324,2018/10/29,14:38:37,2973.0,1300,ask,
6324,2018/10/29,14:38:37,2973.0,800,ask,
6324,2018/10/29,14:38:36,2973.0,700,ask,
6324,2018/10/29,14:38:36,2973.0,500,ask,
6324,2018/10/29,14:38:35,2973.0,400,ask,
6324,2018/10/29,14:38:35,2973.0,300,ask,
6324,2018/10/29,14:38:35,2973.0,200,ask,
6324,2018/10/29,14:38:35,2973.0,300,ask,
6324,2018/10/29,14:38:35,2973.0,400,ask,
6324,2018/10/29,14:38:35,2973.0,300,ask,
6324,2018/10/29,14:38:35,2973.0,200,ask,
6324,2018/10/29,14:38:35,2974.0,1700,ask,
6324,2018/10/29,14:38:35,2974.0,1900,ask,
6324,2018/10/29,14:38:35,2973.0,100,ask,
6324,2018/10/29,14:38:35,2973.0,200,ask,
6324,2018/10/29,14:38:35,2973.0,100,ask,
6324,2018/10/29,14:38:35,2974.0,1800,ask,
6324,2018/10/29,14:38:35,2973.0,200,ask,
6324,2018/10/29,14:38:33,2974.0,1800,ask,
6324,2018/10/29,14:38:32,2974.0,1500,ask,
6324,2018/10/29,14:38:29,2971.0,200,bid,
6324,2018/10/29,14:38:29,2972.0,200,trade,
6324,2018/10/29,14:38:29,2971.0,400,bid,
6324,2018/10/29,14:38:29,2974.0,1400,ask,
6324,2018/10/29,14:38:24,2974.0,1300,ask,
6324,2018/10/29,14:38:24,2974.0,1000,ask,
6324,2018/10/29,14:38:24,2972.0,200,bid,
6324,2018/10/29,14:38:23,2973.0,100,trade,
6324,2018/10/29,14:38:23,2972.0,100,bid,
6324,2018/10/29,14:38:23,2973.0,100,bid,
6324,2018/10/29,14:38:23,2972.0,100,bid,
6324,2018/10/29,14:38:23,2974.0,900,ask,
6324,2018/10/29,14:38:22,2974.0,800,ask,
6324,2018/10/29,14:38:22,2974.0,700,ask,
6324,2018/10/29,14:38:22,2971.0,400,bid,
6324,2018/10/29,14:38:22,2974.0,600,ask,
6324,2018/10/29,14:38:22,2974.0,100,ask,
6324,2018/10/29,14:38:22,2973.0,200,trade,
6324,2018/10/29,14:38:22,2972.0,200,bid,
6324,2018/10/29,14:38:22,2974.0,100,trade,
6324,2018/10/29,14:38:22,2975.0,1600,ask,
6324,2018/10/29,14:38:22,2974.0,100,ask,
6324,2018/10/29,14:38:19,2975.0,1700,ask,
6324,2018/10/29,14:38:17,2973.0,200,bid,
6324,2018/10/29,14:38:16,2973.0,100,bid,
6324,2018/10/29,14:38:15,2975.0,1600,ask,
6324,2018/10/29,14:38:07,2975.0,1500,ask,
6324,2018/10/29,14:38:07,2972.0,400,bid,
6324,2018/10/29,14:38:07,2975.0,1600,ask,
6324,2018/10/29,14:38:07,2975.0,1500,ask,
6324,2018/10/29,14:38:07,2972.0,600,bid,
6324,2018/10/29,14:38:07,2975.0,1400,ask,
6324,2018/10/29,14:38:07,2972.0,500,bid,
6324,2018/10/29,14:38:07,2972.0,400,bid,
6324,2018/10/29,14:38:07,2972.0,200,bid,
6324,2018/10/29,14:38:07,2975.0,1500,ask,
6324,2018/10/29,14:38:07,2971.0,400,bid,
6324,2018/10/29,14:38:05,2975.0,100,trade,
6324,2018/10/29,14:38:05,2975.0,1600,ask,
6324,2018/10/29,14:38:00,2975.0,1700,ask,
6324,2018/10/29,14:37:42,2971.0,200,bid,
6324,2018/10/29,14:37:41,2971.0,100,bid,
6324,2018/10/29,14:37:35,2971.0,100,trade,
6324,2018/10/29,14:37:35,2971.0,300,bid,
6324,2018/10/29,14:37:29,2975.0,1600,ask,
6324,2018/10/29,14:37:28,2975.0,1200,ask,
6324,2018/10/29,14:37:24,2975.0,1000,ask,
6324,2018/10/29,14:37:22,2975.0,900,ask,
6324,2018/10/29,14:37:22,2975.0,600,ask,
6324,2018/10/29,14:37:22,2975.0,500,ask,
6324,2018/10/29,14:37:21,2975.0,400,ask,
6324,2018/10/29,14:37:21,2975.0,200,ask,
6324,2018/10/29,14:37:12,2971.0,400,bid,
6324,2018/10/29,14:37:10,2971.0,300,bid,
6324,2018/10/29,14:37:10,2976.0,1700,ask,
6324,2018/10/29,14:37:10,2976.0,1500,ask,
6324,2018/10/29,14:37:10,2976.0,1600,ask,
6324,2018/10/29,14:37:10,2972.0,200,bid,
6324,2018/10/29,14:37:10,2971.0,300,bid,
6324,2018/10/29,14:37:10,2972.0,100,trade,
6324,2018/10/29,14:37:10,2971.0,100,bid,
6324,2018/10/29,14:37:10,2975.0,200,ask,
6324,2018/10/29,14:37:10,2972.0,300,trade,
6324,2018/10/29,14:37:10,2972.0,100,bid,
6324,2018/10/29,14:37:08,2976.0,1700,ask,
6324,2018/10/29,14:37:06,2972.0,400,bid,
6324,2018/10/29,14:37:06,2972.0,300,bid,
6324,2018/10/29,14:37:06,2976.0,1600,ask,
6324,2018/10/29,14:37:03,2972.0,500,bid,
6324,2018/10/29,14:37:03,2972.0,300,bid,
6324,2018/10/29,14:37:02,2972.0,200,bid,
6324,2018/10/29,14:37:02,2974.0,200,trade,
6324,2018/10/29,14:37:02,2972.0,400,bid,
6324,2018/10/29,14:36:56,2976.0,1500,ask,
6324,2018/10/29,14:36:56,2976.0,1400,ask,
6324,2018/10/29,14:36:53,2976.0,1300,ask,
6324,2018/10/29,14:36:51,2974.0,200,bid,
6324,2018/10/29,14:36:50,2974.0,300,bid,
6324,2018/10/29,14:36:50,2976.0,1200,ask,
6324,2018/10/29,14:36:50,2974.0,200,bid,
6324,2018/10/29,14:36:50,2974.0,100,bid,
6324,2018/10/29,14:36:50,2974.0,200,bid,
6324,2018/10/29,14:36:50,2974.0,100,bid,
6324,2018/10/29,14:36:50,2974.0,100,trade,
6324,2018/10/29,14:36:50,2976.0,1300,ask,
6324,2018/10/29,14:36:50,2974.0,100,ask,
6324,2018/10/29,14:36:38,2973.0,300,bid,
6324,2018/10/29,14:36:37,2975.0,300,trade,
6324,2018/10/29,14:36:37,2976.0,1300,ask,
6324,2018/10/29,14:36:37,2975.0,300,ask,
6324,2018/10/29,14:36:36,2973.0,200,bid,
6324,2018/10/29,14:36:36,2976.0,1300,ask,
6324,2018/10/29,14:36:35,2975.0,100,trade,
6324,2018/10/29,14:36:35,2976.0,1100,ask,
6324,2018/10/29,14:36:35,2975.0,100,ask,
6324,2018/10/29,14:36:35,2973.0,100,bid,
6324,2018/10/29,14:36:28,2975.0,300,ask,
6324,2018/10/29,14:36:28,2975.0,200,ask,
6324,2018/10/29,14:36:28,2976.0,1200,ask,
6324,2018/10/29,14:36:26,2972.0,500,bid,
6324,2018/10/29,14:36:23,2972.0,400,bid,
6324,2018/10/29,14:36:23,2976.0,1300,ask,
6324,2018/10/29,14:36:22,2976.0,1000,ask,
6324,2018/10/29,14:36:20,2972.0,600,bid,
6324,2018/10/29,14:36:20,2972.0,400,bid,
6324,2018/10/29,14:36:20,2974.0,100,trade,
6324,2018/10/29,14:36:20,2974.0,100,bid,
6324,2018/10/29,14:36:16,2974.0,200,bid,
6324,2018/10/29,14:36:07,2974.0,100,bid,
6324,2018/10/29,14:36:07,2974.0,100,trade,
6324,2018/10/29,14:36:07,2972.0,400,bid,
6324,2018/10/29,14:36:07,2974.0,100,trade,
6324,2018/10/29,14:36:07,2974.0,100,bid,
6324,2018/10/29,14:35:51,2976.0,1300,ask,
6324,2018/10/29,14:35:45,2976.0,1200,ask,
6324,2018/10/29,14:35:40,2976.0,1100,ask,
6324,2018/10/29,14:35:39,2976.0,900,ask,
6324,2018/10/29,14:35:39,2976.0,600,ask,
6324,2018/10/29,14:35:38,2976.0,500,ask,
6324,2018/10/29,14:35:38,2976.0,400,ask,
6324,2018/10/29,14:35:38,2976.0,300,ask,
6324,2018/10/29,14:35:38,2974.0,200,bid,
6324,2018/10/29,14:35:34,2977.0,700,ask,
6324,2018/10/29,14:35:31,2977.0,600,ask,
6324,2018/10/29,14:35:28,2977.0,900,ask,
6324,2018/10/29,14:35:15,2974.0,300,bid,
6324,2018/10/29,14:35:15,2977.0,600,ask,
6324,2018/10/29,14:35:15,2974.0,200,bid,
6324,2018/10/29,14:35:14,2974.0,100,bid,
6324,2018/10/29,14:35:14,2976.0,200,trade,
6324,2018/10/29,14:35:14,2974.0,200,bid,
6324,2018/10/29,14:35:13,2977.0,300,ask,
6324,2018/10/29,14:35:11,2977.0,200,ask,
6324,2018/10/29,14:35:11,2977.0,100,ask,
6324,2018/10/29,14:35:08,2978.0,200,ask,
6324,2018/10/29,14:35:05,2976.0,200,bid,
6324,2018/10/29,14:35:04,2976.0,100,bid,
6324,2018/10/29,14:35:03,2975.0,100,bid,
6324,2018/10/29,14:34:57,2975.0,300,bid,
6324,2018/10/29,14:34:57,2975.0,200,bid,
6324,2018/10/29,14:34:57,2978.0,100,ask,
6324,2018/10/29,14:34:57,2979.0,100,ask,
6324,2018/10/29,14:34:57,2978.0,200,ask,
6324,2018/10/29,14:34:57,2974.0,200,bid,
6324,2018/10/29,14:34:57,2977.0,200,trade,
6324,2018/10/29,14:34:57,2975.0,200,bid,
6324,2018/10/29,14:34:39,2977.0,200,bid,
6324,2018/10/29,14:34:38,2977.0,100,bid,
6324,2018/10/29,14:34:38,2979.0,100,ask,
6324,2018/10/29,14:34:38,2979.0,200,ask,
6324,2018/10/29,14:34:38,2979.0,100,ask,
6324,2018/10/29,14:34:38,2979.0,200,ask,
6324,2018/10/29,14:34:38,2974.0,200,bid,
6324,2018/10/29,14:34:38,2979.0,100,ask,
6324,2018/10/29,14:34:38,2979.0,200,ask,
6324,2018/10/29,14:34:38,2979.0,100,ask,
6324,2018/10/29,14:34:38,2975.0,200,bid,
6324,2018/10/29,14:34:38,2979.0,200,ask,
6324,2018/10/29,14:34:38,2979.0,100,ask,
6324,2018/10/29,14:34:38,2979.0,200,ask,
6324,2018/10/29,14:34:38,2976.0,200,trade,
6324,2018/10/29,14:34:38,2974.0,200,bid,
6324,2018/10/29,14:34:38,2979.0,100,ask,
6324,2018/10/29,14:34:37,2976.0,200,bid,
6324,2018/10/29,14:34:37,2978.0,200,ask,
6324,2018/10/29,14:34:37,2977.0,100,trade,
6324,2018/10/29,14:34:37,2976.0,400,bid,
6324,2018/10/29,14:34:37,2977.0,200,trade,
6324,2018/10/29,14:34:37,2977.0,100,bid,
6324,2018/10/29,14:34:37,2977.0,100,trade,
6324,2018/10/29,14:34:37,2977.0,300,bid,
6324,2018/10/29,14:34:34,2979.0,100,ask,
6324,2018/10/29,14:34:34,2978.0,200,ask,
6324,2018/10/29,14:34:34,2979.0,100,ask,
6324,2018/10/29,14:34:34,2979.0,200,ask,
6324,2018/10/29,14:34:32,2979.0,300,ask,
6324,2018/10/29,14:34:27,2979.0,600,ask,
6324,2018/10/29,14:34:16,2977.0,400,bid,
6324,2018/10/29,14:34:14,2979.0,500,ask,
6324,2018/10/29,14:34:06,2979.0,100,trade,
6324,2018/10/29,14:34:06,2979.0,200,ask,
6324,2018/10/29,14:33:49,2979.0,300,ask,
6324,2018/10/29,14:33:45,2979.0,200,ask,
6324,2018/10/29,14:33:45,2980.0,100,ask,
6324,2018/10/29,14:33:45,2980.0,200,ask,
6324,2018/10/29,14:33:45,2980.0,300,ask,
6324,2018/10/29,14:33:45,2979.0,200,ask,
6324,2018/10/29,14:33:42,2980.0,300,ask,
6324,2018/10/29,14:33:30,2977.0,300,bid,
6324,2018/10/29,14:33:30,2977.0,600,bid,
6324,2018/10/29,14:33:26,2980.0,200,ask,
6324,2018/10/29,14:33:17,2977.0,500,bid,
6324,2018/10/29,14:33:16,2977.0,400,bid,
6324,2018/10/29,14:33:16,2977.0,300,bid,
6324,2018/10/29,14:33:16,2980.0,100,trade,
6324,2018/10/29,14:33:16,2980.0,100,ask,
6324,2018/10/29,14:33:15,2976.0,500,bid,
6324,2018/10/29,14:33:10,2976.0,400,bid,
6324,2018/10/29,14:33:10,2976.0,300,bid,
6324,2018/10/29,14:33:10,2979.0,100,trade,
6324,2018/10/29,14:33:10,2980.0,200,ask,
6324,2018/10/29,14:33:10,2979.0,100,trade,
6324,2018/10/29,14:33:10,2979.0,100,ask,
6324,2018/10/29,14:33:10,2976.0,200,bid,
6324,2018/10/29,14:33:10,2979.0,100,trade,
6324,2018/10/29,14:33:10,2979.0,200,ask,
6324,2018/10/29,14:33:10,2979.0,200,trade,
6324,2018/10/29,14:33:10,2979.0,300,ask,
6324,2018/10/29,14:33:10,2975.0,700,bid,
6324,2018/10/29,14:33:05,2975.0,500,bid,
6324,2018/10/29,14:33:05,2979.0,500,ask,
6324,2018/10/29,14:33:04,2975.0,700,bid,
6324,2018/10/29,14:33:01,2975.0,500,bid,
6324,2018/10/29,14:33:00,2975.0,400,bid,
6324,2018/10/29,14:32:41,2975.0,300,bid,
6324,2018/10/29,14:32:40,2979.0,400,ask,
6324,2018/10/29,14:32:40,2979.0,500,ask,
6324,2018/10/29,14:32:40,2975.0,200,bid,
6324,2018/10/29,14:32:40,2974.0,300,bid,
6324,2018/10/29,14:32:40,2974.0,200,bid,
6324,2018/10/29,14:32:40,2979.0,700,ask,
6324,2018/10/29,14:32:40,2973.0,100,bid,
6324,2018/10/29,14:32:40,2976.0,300,trade,
6324,2018/10/29,14:32:40,2974.0,200,bid,
6324,2018/10/29,14:32:38,2979.0,600,ask,
6324,2018/10/29,14:32:35,2979.0,400,ask,
6324,2018/10/29,14:32:35,2979.0,200,ask,
6324,2018/10/29,14:32:35,2976.0,300,bid,
6324,2018/10/29,14:32:25,2976.0,400,bid,
6324,2018/10/29,14:32:23,2980.0,300,ask,
6324,2018/10/29,14:32:10,2980.0,200,ask,
6324,2018/10/29,14:32:10,2976.0,200,bid,
6324,2018/10/29,14:32:10,2980.0,100,ask,
6324,2018/10/29,14:32:10,2976.0,100,bid,
6324,2018/10/29,14:32:09,2976.0,200,bid,
6324,2018/10/29,14:32:05,2977.0,200,trade,
6324,2018/10/29,14:32:05,2976.0,100,bid,
6324,2018/10/29,14:32:05,2982.0,500,ask,
6324,2018/10/29,14:32:05,2982.0,300,ask,
6324,2018/10/29,14:32:01,2977.0,200,bid,
6324,2018/10/29,14:31:59,2977.0,100,bid,
6324,2018/10/29,14:31:59,2979.0,100,trade,
6324,2018/10/29,14:31:59,2978.0,100,bid,
6324,2018/10/29,14:31:59,2979.0,100,trade,
6324,2018/10/29,14:31:59,2979.0,100,bid,
6324,2018/10/29,14:31:58,2979.0,200,bid,
6324,2018/10/29,14:31:58,2979.0,100,bid,
6324,2018/10/29,14:31:51,2978.0,100,bid,
6324,2018/10/29,14:31:51,2982.0,200,ask,
6324,2018/10/29,14:31:51,2977.0,100,bid,
6324,2018/10/29,14:31:51,2977.0,300,bid,
6324,2018/10/29,14:31:51,2982.0,100,ask,
6324,2018/10/29,14:31:51,2979.0,100,trade,
6324,2018/10/29,14:31:51,2978.0,200,bid,
6324,2018/10/29,14:31:51,2983.0,400,ask,
6324,2018/10/29,14:31:44,2980.0,100,trade,
6324,2018/10/29,14:31:44,2979.0,100,bid,
6324,2018/10/29,14:31:42,2980.0,100,bid,
6324,2018/10/29,14:31:37,2979.0,100,bid,
6324,2018/10/29,14:31:37,2980.0,100,trade,
6324,2018/10/29,14:31:37,2979.0,400,bid,
6324,2018/10/29,14:31:37,2980.0,100,trade,
6324,2018/10/29,14:31:37,2980.0,100,bid,
6324,2018/10/29,14:31:37,2983.0,300,ask,
6324,2018/10/29,14:31:37,2983.0,200,ask,
6324,2018/10/29,14:31:37,2984.0,200,ask,
6324,2018/10/29,14:31:25,2980.0,200,bid,
6324,2018/10/29,14:31:25,2980.0,100,bid,
6324,2018/10/29,14:31:25,2979.0,500,bid,
6324,2018/10/29,14:31:25,2980.0,300,bid,
6324,2018/10/29,14:31:25,2979.0,600,bid,
6324,2018/10/29,14:31:11,2979.0,500,bid,
6324,2018/10/29,14:31:11,2979.0,400,bid,
6324,2018/10/29,14:31:11,2979.0,100,bid,
6324,2018/10/29,14:31:09,2978.0,500,bid,
6324,2018/10/29,14:31:09,2978.0,400,bid,
6324,2018/10/29,14:31:08,2979.0,100,bid,
6324,2018/10/29,14:31:08,2978.0,400,bid,
6324,2018/10/29,14:31:08,2979.0,200,bid,
6324,2018/10/29,14:31:07,2979.0,500,bid,
6324,2018/10/29,14:31:07,2979.0,300,bid,
6324,2018/10/29,14:31:07,2978.0,500,bid,
6324,2018/10/29,14:31:07,2978.0,400,bid,
6324,2018/10/29,14:31:07,2979.0,300,bid,
6324,2018/10/29,14:31:07,2978.0,400,bid,
6324,2018/10/29,14:31:07,2979.0,300,bid,
6324,2018/10/29,14:31:07,2982.0,100,trade,
6324,2018/10/29,14:31:07,2984.0,100,ask,
6324,2018/10/29,14:31:06,2978.0,500,bid,
6324,2018/10/29,14:31:06,2978.0,400,bid,
6324,2018/10/29,14:31:06,2978.0,200,bid,
6324,2018/10/29,14:31:06,2977.0,500,bid,
6324,2018/10/29,14:31:06,2982.0,100,trade,
6324,2018/10/29,14:31:06,2982.0,100,ask,
6324,2018/10/29,14:30:59,2977.0,300,bid,
6324,2018/10/29,14:30:58,2977.0,200,bid,
6324,2018/10/29,14:30:58,2977.0,100,bid,
6324,2018/10/29,14:30:57,2978.0,100,bid,
6324,2018/10/29,14:30:57,2977.0,100,bid,
6324,2018/10/29,14:30:57,2978.0,200,bid,
6324,2018/10/29,14:30:56,2977.0,200,bid,
6324,2018/10/29,14:30:56,2977.0,100,bid,
6324,2018/10/29,14:30:56,2978.0,100,bid,
6324,2018/10/29,14:30:56,2982.0,200,ask,
6324,2018/10/29,14:30:51,2978.0,300,bid,
6324,2018/10/29,14:30:50,2978.0,200,bid,
6324,2018/10/29,14:30:50,2977.0,200,bid,
6324,2018/10/29,14:30:50,2977.0,100,bid,
6324,2018/10/29,14:30:49,2978.0,100,bid,
6324,2018/10/29,14:30:49,2977.0,100,bid,
6324,2018/10/29,14:30:49,2982.0,100,ask,
6324,2018/10/29,14:30:49,2978.0,200,bid,
6324,2018/10/29,14:30:48,2977.0,300,bid,
6324,2018/10/29,14:30:46,2977.0,200,bid,
6324,2018/10/29,14:30:46,2982.0,200,ask,
6324,2018/10/29,14:30:46,2977.0,100,bid,
6324,2018/10/29,14:30:46,2982.0,100,ask,
6324,2018/10/29,14:30:46,2982.0,200,ask,
6324,2018/10/29,14:30:46,2982.0,100,ask,
6324,2018/10/29,14:30:46,2982.0,200,ask,
6324,2018/10/29,14:30:46,2982.0,100,ask,
6324,2018/10/29,14:30:46,2982.0,200,ask,
6324,2018/10/29,14:30:46,2982.0,100,ask,
6324,2018/10/29,14:30:46,2982.0,200,ask,
6324,2018/10/29,14:30:46,2978.0,100,bid,
6324,2018/10/29,14:30:45,2978.0,300,bid,
6324,2018/10/29,14:30:45,2978.0,400,bid,
6324,2018/10/29,14:30:40,2978.0,300,bid,
6324,2018/10/29,14:30:40,2978.0,200,bid,
6324,2018/10/29,14:30:40,2977.0,200,bid,
6324,2018/10/29,14:30:40,2977.0,100,bid,
6324,2018/10/29,14:30:40,2978.0,200,trade,
6324,2018/10/29,14:30:40,2977.0,300,bid,
6324,2018/10/29,14:30:38,2978.0,200,bid,
6324,2018/10/29,14:30:38,2977.0,300,bid,
6324,2018/10/29,14:30:37,2977.0,200,bid,
6324,2018/10/29,14:30:37,2982.0,100,ask,
6324,2018/10/29,14:30:37,2979.0,200,trade,
6324,2018/10/29,14:30:37,2977.0,100,bid,
6324,2018/10/29,14:30:37,2983.0,300,ask,
6324,2018/10/29,14:30:34,2979.0,200,bid,
6324,2018/10/29,14:30:34,2980.0,200,trade,
6324,2018/10/29,14:30:34,2979.0,400,bid,
6324,2018/10/29,14:30:34,2980.0,200,bid,
6324,2018/10/29,14:30:34,2983.0,200,ask,
6324,2018/10/29,14:30:27,2980.0,400,bid,
6324,2018/10/29,14:30:27,2980.0,300,bid,
6324,2018/10/29,14:30:27,2980.0,200,bid,
6324,2018/10/29,14:30:27,2980.0,500,bid,
6324,2018/10/29,14:30:27,2980.0,200,bid,
6324,2018/10/29,14:30:27,2979.0,500,bid,
6324,2018/10/29,14:30:25,2979.0,400,bid,
6324,2018/10/29,14:30:24,2980.0,300,bid,
6324,2018/10/29,14:30:24,2979.0,500,bid,
6324,2018/10/29,14:30:24,2979.0,400,bid,
6324,2018/10/29,14:30:24,2980.0,300,bid,
6324,2018/10/29,14:30:24,2979.0,400,bid,
6324,2018/10/29,14:30:24,2983.0,400,trade,
6324,2018/10/29,14:30:24,2984.0,100,ask,
6324,2018/10/29,14:30:24,2981.0,500,trade,
6324,2018/10/29,14:30:24,2983.0,400,ask,
6324,2018/10/29,14:30:16,2979.0,200,bid,
6324,2018/10/29,14:30:15,2981.0,500,ask,
6324,2018/10/29,14:30:14,2979.0,100,bid,
6324,2018/10/29,14:30:13,2981.0,400,ask,
6324,2018/10/29,14:30:08,2978.0,200,bid,
6324,2018/10/29,14:30:08,2977.0,200,bid,
6324,2018/10/29,14:30:03,2981.0,300,ask,
6324,2018/10/29,14:30:03,2980.0,200,ask,
6324,2018/10/29,14:30:03,2977.0,100,bid,
6324,2018/10/29,14:30:03,2981.0,500,ask,
6324,2018/10/29,14:30:02,2981.0,400,ask,
6324,2018/10/29,14:30:02,2981.0,300,ask,
6324,2018/10/29,14:30:01,2981.0,200,ask,
6324,2018/10/29,14:30:01,2982.0,300,ask,
6324,2018/10/29,14:30:01,2977.0,300,bid,
6324,2018/10/29,14:30:01,2981.0,200,ask,
6324,2018/10/29,14:30:00,2982.0,500,ask,
6324,2018/10/29,14:29:58,2982.0,600,ask,
6324,2018/10/29,14:29:55,2982.0,500,ask,
6324,2018/10/29,14:29:54,2982.0,400,ask,
6324,2018/10/29,14:29:53,2982.0,300,ask,
6324,2018/10/29,14:29:53,2982.0,100,ask,
6324,2018/10/29,14:29:47,2977.0,200,bid,
6324,2018/10/29,14:29:47,2983.0,500,ask,
6324,2018/10/29,14:29:47,2977.0,400,bid,
6324,2018/10/29,14:29:47,2980.0,100,trade,
6324,2018/10/29,14:29:47,2977.0,200,bid,
6324,2018/10/29,14:29:47,2980.0,100,trade,
6324,2018/10/29,14:29:47,2980.0,100,bid,
6324,2018/10/29,14:29:46,2980.0,100,trade,
6324,2018/10/29,14:29:46,2980.0,200,bid,
6324,2018/10/29,14:29:38,2980.0,300,bid,
6324,2018/10/29,14:29:36,2983.0,400,ask,
6324,2018/10/29,14:29:35,2983.0,300,ask,
6324,2018/10/29,14:29:34,2983.0,200,ask,
6324,2018/10/29,14:29:34,2984.0,700,ask,
6324,2018/10/29,14:29:34,2983.0,200,ask,
6324,2018/10/29,14:29:34,2980.0,200,bid,
6324,2018/10/29,14:29:32,2984.0,800,ask,
6324,2018/10/29,14:29:32,2984.0,700,ask,
6324,2018/10/29,14:29:31,2984.0,400,ask,
6324,2018/10/29,14:29:31,2984.0,300,ask,
6324,2018/10/29,14:29:30,2980.0,400,bid,
6324,2018/10/29,14:29:30,2980.0,300,bid,
6324,2018/10/29,14:29:30,2980.0,200,bid,
6324,2018/10/29,14:29:30,2984.0,200,ask,
6324,2018/10/29,14:29:30,2981.0,100,bid,
6324,2018/10/29,14:29:30,2980.0,200,bid,
6324,2018/10/29,14:29:30,2979.0,300,bid,
6324,2018/10/29,14:29:30,2979.0,200,bid,
6324,2018/10/29,14:29:30,2980.0,300,bid,
6324,2018/10/29,14:29:30,2980.0,400,bid,
6324,2018/10/29,14:29:30,2981.0,200,bid,
6324,2018/10/29,14:29:30,2984.0,100,ask,
6324,2018/10/29,14:29:18,2984.0,100,trade,
6324,2018/10/29,14:29:18,2981.0,500,bid,
6324,2018/10/29,14:29:16,2984.0,100,trade,
6324,2018/10/29,14:29:16,2984.0,100,bid,
6324,2018/10/29,14:29:16,2984.0,100,trade,
6324,2018/10/29,14:29:16,2984.0,200,bid,
6324,2018/10/29,14:29:15,2989.0,800,ask,
6324,2018/10/29,14:29:15,2989.0,700,ask,
6324,2018/10/29,14:29:10,2989.0,600,ask,
6324,2018/10/29,14:29:08,2989.0,500,ask,
6324,2018/10/29,14:28:48,2989.0,400,ask,
6324,2018/10/29,14:28:45,2989.0,300,ask,
6324,2018/10/29,14:28:45,2986.0,400,trade,
6324,2018/10/29,14:28:45,2988.0,100,ask,
6324,2018/10/29,14:28:45,2986.0,100,trade,
6324,2018/10/29,14:28:45,2986.0,400,ask,
6324,2018/10/29,14:28:43,2986.0,500,ask,
6324,2018/10/29,14:28:43,2984.0,300,bid,
6324,2018/10/29,14:28:43,2985.0,100,trade,
6324,2018/10/29,14:28:43,2986.0,100,ask,
6324,2018/10/29,14:28:43,2985.0,100,ask,
6324,2018/10/29,14:28:43,2985.0,300,ask,
6324,2018/10/29,14:28:43,2985.0,200,ask,
6324,2018/10/29,14:28:43,2985.0,100,trade,
6324,2018/10/29,14:28:43,2984.0,100,bid,
6324,2018/10/29,14:28:43,2985.0,100,trade,
6324,2018/10/29,14:28:43,2985.0,100,bid,
6324,2018/10/29,14:28:43,2986.0,100,ask,
6324,2018/10/29,14:28:42,2985.0,200,bid,
6324,2018/10/29,14:28:41,2989.0,800,ask,
6324,2018/10/29,14:28:33,2985.0,100,bid,
6324,2018/10/29,14:28:29,2984.0,100,bid,
6324,2018/10/29,14:28:16,2989.0,700,ask,
6324,2018/10/29,14:28:06,2985.0,100,bid,
6324,2018/10/29,14:28:04,2986.0,100,trade,
6324,2018/10/29,14:28:04,2984.0,100,bid,
6324,2018/10/29,14:28:04,2986.0,100,trade,
6324,2018/10/29,14:28:04,2986.0,100,bid,
6324,2018/10/29,14:28:04,2986.0,100,trade,
6324,2018/10/29,14:28:04,2986.0,200,bid,
6324,2018/10/29,14:28:04,2989.0,600,ask,
6324,2018/10/29,14:27:46,2986.0,300,bid,
6324,2018/10/29,14:27:36,2986.0,200,bid,
6324,2018/10/29,14:27:36,2986.0,100,bid,
6324,2018/10/29,14:27:36,2985.0,100,bid,
6324,2018/10/29,14:27:35,2989.0,200,ask,
6324,2018/10/29,14:27:35,2986.0,200,bid,
6324,2018/10/29,14:27:35,2987.0,800,trade,
6324,2018/10/29,14:27:35,2989.0,300,ask,
6324,2018/10/29,14:27:35,2987.0,800,ask,
6324,2018/10/29,14:27:35,2985.0,100,bid,
6324,2018/10/29,14:27:33,2983.0,200,bid,
6324,2018/10/29,14:27:33,2986.0,100,trade,
6324,2018/10/29,14:27:33,2987.0,1000,ask,
6324,2018/10/29,14:27:33,2986.0,100,ask,
6324,2018/10/29,14:27:31,2987.0,1200,ask,
6324,2018/10/29,14:27:30,2987.0,600,ask,
6324,2018/10/29,14:27:30,2987.0,500,ask,
6324,2018/10/29,14:27:29,2987.0,400,ask,
6324,2018/10/29,14:27:29,2987.0,200,ask,
6324,2018/10/29,14:27:29,2988.0,300,ask,
6324,2018/10/29,14:27:29,2988.0,100,ask,
6324,2018/10/29,14:27:25,2982.0,100,bid,
6324,2018/10/29,14:27:22,2981.0,500,bid,
6324,2018/10/29,14:27:22,2981.0,800,bid,
6324,2018/10/29,14:27:22,2981.0,500,bid,
6324,2018/10/29,14:27:22,2981.0,200,bid,
6324,2018/10/29,14:27:22,2980.0,500,bid,
6324,2018/10/29,14:27:22,2980.0,400,bid,
6324,2018/10/29,14:27:22,2980.0,100,bid,
6324,2018/10/29,14:27:22,2989.0,1000,ask,
6324,2018/10/29,14:27:21,2989.0,800,ask,
6324,2018/10/29,14:27:20,2989.0,700,ask,
6324,2018/10/29,14:27:20,2989.0,600,ask,
6324,2018/10/29,14:27:18,2989.0,300,ask,
6324,2018/10/29,14:27:17,2989.0,200,ask,
6324,2018/10/29,14:27:17,2989.0,100,ask,
6324,2018/10/29,14:27:17,2989.0,200,ask,
6324,2018/10/29,14:27:17,2983.0,200,bid,
6324,2018/10/29,14:27:17,2981.0,400,bid,
6324,2018/10/29,14:27:17,2989.0,100,ask,
6324,2018/10/29,14:27:17,2982.0,200,bid,
6324,2018/10/29,14:27:17,2985.0,300,trade,
6324,2018/10/29,14:27:17,2983.0,200,bid,
6324,2018/10/29,14:27:01,2985.0,300,bid,
6324,2018/10/29,14:26:57,2990.0,800,ask,
6324,2018/10/29,14:26:57,2990.0,700,ask,
6324,2018/10/29,14:26:57,2987.0,200,trade,
6324,2018/10/29,14:26:57,2985.0,200,bid,
6324,2018/10/29,14:26:57,2987.0,200,trade,
6324,2018/10/29,14:26:57,2987.0,200,bid,
6324,2018/10/29,14:26:57,2990.0,600,ask,
6324,2018/10/29,14:26:55,2990.0,300,ask,
6324,2018/10/29,14:26:55,2990.0,200,ask,
6324,2018/10/29,14:26:55,2991.0,800,ask,
6324,2018/10/29,14:26:37,2991.0,700,ask,
6324,2018/10/29,14:26:34,2991.0,600,ask,
6324,2018/10/29,14:26:15,2991.0,500,ask,
6324,2018/10/29,14:26:02,2987.0,400,bid,
6324,2018/10/29,14:25:53,2990.0,200,trade,
6324,2018/10/29,14:25:53,2991.0,400,ask,
6324,2018/10/29,14:25:53,2990.0,100,trade,
6324,2018/10/29,14:25:53,2990.0,200,ask,
6324,2018/10/29,14:25:52,2987.0,300,bid,
6324,2018/10/29,14:25:52,2990.0,300,ask,
6324,2018/10/29,14:25:52,2990.0,200,ask,
6324,2018/10/29,14:25:50,2991.0,400,ask,
6324,2018/10/29,14:25:50,2987.0,200,bid,
6324,2018/10/29,14:25:48,2990.0,200,ask,
6324,2018/10/29,14:25:48,2989.0,100,trade,
6324,2018/10/29,14:25:48,2987.0,100,bid,
6324,2018/10/29,14:25:48,2989.0,100,bid,
6324,2018/10/29,14:25:48,2987.0,100,bid,
6324,2018/10/29,14:25:46,2986.0,100,bid,
6324,2018/10/29,14:25:46,2985.0,200,bid,
6324,2018/10/29,14:25:45,2986.0,200,bid,
6324,2018/10/29,14:25:45,2990.0,400,ask,
6324,2018/10/29,14:25:45,2990.0,200,ask,
6324,2018/10/29,14:25:45,2989.0,100,trade,
6324,2018/10/29,14:25:45,2987.0,200,bid,
6324,2018/10/29,14:25:45,2991.0,600,ask,
6324,2018/10/29,14:25:44,2989.0,100,bid,
6324,2018/10/29,14:25:44,2991.0,500,ask,
6324,2018/10/29,14:25:44,2989.0,300,bid,
6324,2018/10/29,14:25:44,2990.0,800,trade,
6324,2018/10/29,14:25:44,2991.0,300,ask,
6324,2018/10/29,14:25:44,2989.0,200,bid,
6324,2018/10/29,14:25:44,2988.0,100,bid,
6324,2018/10/29,14:25:44,2990.0,800,ask,
6324,2018/10/29,14:25:41,2990.0,700,ask,
6324,2018/10/29,14:25:41,2988.0,300,bid,
6324,2018/10/29,14:25:41,2988.0,200,bid,
6324,2018/10/29,14:25:41,2989.0,100,trade,
6324,2018/10/29,14:25:41,2990.0,900,ask,
6324,2018/10/29,14:25:41,2989.0,100,ask,
6324,2018/10/29,14:25:39,2990.0,900,ask,
6324,2018/10/29,14:25:30,2990.0,800,ask,
6324,2018/10/29,14:25:26,2990.0,400,ask,
6324,2018/10/29,14:25:24,2990.0,300,ask,
6324,2018/10/29,14:25:22,2990.0,200,ask,
6324,2018/10/29,14:25:22,2987.0,300,bid,
6324,2018/10/29,14:25:22,2990.0,100,trade,
6324,2018/10/29,14:25:22,2991.0,400,ask,
6324,2018/10/29,14:25:22,2987.0,200,bid,
6324,2018/10/29,14:25:22,2990.0,100,ask,
6324,2018/10/29,14:25:18,2989.0,200,ask,
6324,2018/10/29,14:25:18,2986.0,200,bid,
6324,2018/10/29,14:25:18,2989.0,300,ask,
6324,2018/10/29,14:25:18,2986.0,100,bid,
6324,2018/10/29,14:25:18,2988.0,500,trade,
6324,2018/10/29,14:25:18,2986.0,300,bid,
6324,2018/10/29,14:25:18,2989.0,200,ask,
6324,2018/10/29,14:25:18,2990.0,300,ask,
6324,2018/10/29,14:25:18,2990.0,100,ask,
6324,2018/10/29,14:25:18,2991.0,600,ask,
6324,2018/10/29,14:25:17,2991.0,300,ask,
6324,2018/10/29,14:25:15,2988.0,500,bid,
6324,2018/10/29,14:25:15,2988.0,300,bid,
6324,2018/10/29,14:25:15,2991.0,200,ask,
6324,2018/10/29,14:25:15,2992.0,400,ask,
6324,2018/10/29,14:25:15,2988.0,200,bid,
6324,2018/10/29,14:25:15,2991.0,200,ask,
6324,2018/10/29,14:25:14,2992.0,600,ask,
6324,2018/10/29,14:25:14,2992.0,400,ask,
6324,2018/10/29,14:25:14,2992.0,300,ask,
6324,2018/10/29,14:25:14,2992.0,200,ask,
6324,2018/10/29,14:25:14,2989.0,100,trade,
6324,2018/10/29,14:25:14,2988.0,100,bid,
6324,2018/10/29,14:25:14,2993.0,800,ask,
6324,2018/10/29,14:25:12,2993.0,500,ask,
6324,2018/10/29,14:25:12,2993.0,300,ask,
6324,2018/10/29,14:25:12,2989.0,100,bid,
6324,2018/10/29,14:25:12,2993.0,200,ask,
6324,2018/10/29,14:25:12,2991.0,200,trade,
6324,2018/10/29,14:25:12,2989.0,300,bid,
6324,2018/10/29,14:25:10,2994.0,300,ask,
6324,2018/10/29,14:25:10,2994.0,200,ask,
6324,2018/10/29,14:25:10,2995.0,400,ask,
6324,2018/10/29,14:25:10,2992.0,200,trade,
6324,2018/10/29,14:25:10,2991.0,200,bid,
6324,2018/10/29,14:24:57,2995.0,300,ask,
6324,2018/10/29,14:24:57,2995.0,200,ask,
6324,2018/10/29,14:24:56,2994.0,200,ask,
6324,2018/10/29,14:24:46,2995.0,300,ask,
6324,2018/10/29,14:24:40,2995.0,200,ask,
6324,2018/10/29,14:24:39,2995.0,100,trade,
6324,2018/10/29,14:24:39,2995.0,100,ask,
6324,2018/10/29,14:24:32,2995.0,200,ask,
6324,2018/10/29,14:24:29,2995.0,300,ask,
6324,2018/10/29,14:24:29,2995.0,100,ask,
6324,2018/10/29,14:24:23,2996.0,500,ask,
6324,2018/10/29,14:24:14,2996.0,200,ask,
6324,2018/10/29,14:23:42,2996.0,500,ask,
6324,2018/10/29,14:23:35,2996.0,400,ask,
6324,2018/10/29,14:23:22,2992.0,200,bid,
6324,2018/10/29,14:23:19,2992.0,100,bid,
6324,2018/10/29,14:23:19,2991.0,200,bid,
6324,2018/10/29,14:23:19,2992.0,400,bid,
6324,2018/10/29,14:23:19,2991.0,300,bid,
6324,2018/10/29,14:23:17,2991.0,200,bid,
6324,2018/10/29,14:23:14,2992.0,100,bid,
6324,2018/10/29,14:23:14,2992.0,500,bid,
6324,2018/10/29,14:23:11,2992.0,400,bid,
6324,2018/10/29,14:23:11,2991.0,200,bid,
6324,2018/10/29,14:23:09,2993.0,100,bid,
6324,2018/10/29,14:23:09,2992.0,100,bid,
6324,2018/10/29,14:23:09,2993.0,200,bid,
6324,2018/10/29,14:23:06,2993.0,300,bid,
6324,2018/10/29,14:23:06,2994.0,400,bid,
6324,2018/10/29,14:23:06,2996.0,300,ask,
6324,2018/10/29,14:23:06,2997.0,100,ask,
6324,2018/10/29,14:23:06,2996.0,100,trade,
6324,2018/10/29,14:23:06,2997.0,300,ask,
6324,2018/10/29,14:23:06,2996.0,700,trade,
6324,2018/10/29,14:23:06,2996.0,100,ask,
6324,2018/10/29,14:23:06,2996.0,100,trade,
6324,2018/10/29,14:23:06,2996.0,800,ask,
6324,2018/10/29,14:23:03,2996.0,900,ask,
6324,2018/10/29,14:22:59,2996.0,800,ask,
6324,2018/10/29,14:22:59,2993.0,300,bid,
6324,2018/10/29,14:22:56,2996.0,700,ask,
6324,2018/10/29,14:22:56,2995.0,100,bid,
6324,2018/10/29,14:22:55,2996.0,900,ask,
6324,2018/10/29,14:22:53,2996.0,400,ask,
6324,2018/10/29,14:22:53,2996.0,200,ask,
6324,2018/10/29,14:22:53,2996.0,300,ask,
6324,2018/10/29,14:22:53,2995.0,100,trade,
6324,2018/10/29,14:22:53,2996.0,500,ask,
6324,2018/10/29,14:22:53,2995.0,100,ask,
6324,2018/10/29,14:22:51,2996.0,600,ask,
6324,2018/10/29,14:22:50,2996.0,500,ask,
6324,2018/10/29,14:22:50,2996.0,400,ask,
6324,2018/10/29,14:22:49,2996.0,300,ask,
6324,2018/10/29,14:22:49,2996.0,100,ask,
6324,2018/10/29,14:22:48,2997.0,700,ask,
6324,2018/10/29,14:22:46,2997.0,600,ask,
6324,2018/10/29,14:22:46,2997.0,400,ask,
6324,2018/10/29,14:22:46,2997.0,300,ask,
6324,2018/10/29,14:22:46,2997.0,200,ask,
6324,2018/10/29,14:22:45,2998.0,1100,ask,
6324,2018/10/29,14:22:45,2995.0,100,trade,
6324,2018/10/29,14:22:45,2993.0,200,bid,
6324,2018/10/29,14:22:45,2995.0,100,trade,
6324,2018/10/29,14:22:45,2995.0,100,bid,
6324,2018/10/29,14:22:45,2996.0,200,trade,
6324,2018/10/29,14:22:45,2995.0,200,bid,
6324,2018/10/29,14:22:45,2998.0,1000,ask,
6324,2018/10/29,14:22:45,2998.0,500,ask,
6324,2018/10/29,14:22:43,2998.0,400,ask,
6324,2018/10/29,14:22:42,2998.0,300,ask,
6324,2018/10/29,14:22:42,2998.0,100,ask,
6324,2018/10/29,14:22:27,2999.0,1200,ask,
6324,2018/10/29,14:22:25,2996.0,200,bid,
6324,2018/10/29,14:22:25,2999.0,1100,ask,
6324,2018/10/29,14:22:23,2999.0,700,ask,
6324,2018/10/29,14:22:21,2999.0,600,ask,
6324,2018/10/29,14:22:21,2999.0,400,ask,
6324,2018/10/29,14:22:20,2996.0,100,bid,
6324,2018/10/29,14:22:20,2999.0,300,ask,
6324,2018/10/29,14:22:20,2995.0,300,bid,
6324,2018/10/29,14:22:20,2996.0,400,bid,
6324,2018/10/29,14:22:20,2995.0,300,bid,
6324,2018/10/29,14:22:20,2999.0,200,ask,
6324,2018/10/29,14:22:20,2996.0,500,trade,
6324,2018/10/29,14:22:20,2995.0,600,bid,
6324,2018/10/29,14:22:20,3000.0,1200,ask,
6324,2018/10/29,14:22:18,3000.0,800,ask,
6324,2018/10/29,14:22:18,3000.0,700,ask,
6324,2018/10/29,14:22:18,2996.0,500,bid,
6324,2018/10/29,14:22:17,2996.0,400,bid,
6324,2018/10/29,14:22:17,2995.0,600,bid,
6324,2018/10/29,14:22:17,2996.0,200,bid,
6324,2018/10/29,14:22:17,2996.0,300,bid,
6324,2018/10/29,14:22:17,3000.0,500,ask,
6324,2018/10/29,14:22:16,3000.0,400,ask,
6324,2018/10/29,14:22:16,3000.0,200,ask,
6324,2018/10/29,14:22:16,3000.0,200,trade,
6324,2018/10/29,14:22:16,2997.0,400,bid,
6324,2018/10/29,14:22:16,3000.0,200,bid,
6324,2018/10/29,14:22:16,3005.0,1300,ask,
6324,2018/10/29,14:22:01,3000.0,400,bid,
6324,2018/10/29,14:21:59,3000.0,500,bid,
6324,2018/10/29,14:21:50,3000.0,400,bid,
6324,2018/10/29,14:21:48,3005.0,1200,ask,
6324,2018/10/29,14:21:45,3000.0,300,bid,
6324,2018/10/29,14:21:41,3005.0,1100,ask,
6324,2018/10/29,14:21:41,3000.0,400,bid,
6324,2018/10/29,14:21:39,3000.0,300,bid,
6324,2018/10/29,14:21:39,3000.0,100,bid,
6324,2018/10/29,14:21:39,2997.0,400,bid,
6324,2018/10/29,14:21:39,2996.0,400,bid,
6324,2018/10/29,14:21:39,3000.0,400,bid,
6324,2018/10/29,14:21:39,2999.0,100,bid,
6324,2018/10/29,14:21:39,2997.0,400,bid,
6324,2018/10/29,14:21:39,2996.0,400,bid,
6324,2018/10/29,14:21:39,2998.0,400,bid,
6324,2018/10/29,14:21:39,2997.0,300,bid,
6324,2018/10/29,14:21:39,2999.0,400,bid,
6324,2018/10/29,14:21:39,2998.0,500,bid,
6324,2018/10/29,14:21:39,2998.0,100,bid,
6324,2018/10/29,14:21:39,3000.0,200,trade,
6324,2018/10/29,14:21:39,3005.0,1200,ask,
6324,2018/10/29,14:21:39,3000.0,200,ask,
6324,2018/10/29,14:21:39,3005.0,1200,ask,
6324,2018/10/29,14:21:34,2998.0,500,bid,
6324,2018/10/29,14:21:34,2998.0,700,bid,
6324,2018/10/29,14:21:33,2998.0,600,bid,
6324,2018/10/29,14:21:33,2998.0,400,bid,
6324,2018/10/29,14:21:33,3005.0,1300,ask,
6324,2018/10/29,14:21:23,2997.0,800,bid,
6324,2018/10/29,14:21:23,2997.0,700,bid,
6324,2018/10/29,14:21:22,2997.0,400,bid,
6324,2018/10/29,14:21:22,2999.0,100,trade,
6324,2018/10/29,14:21:22,3005.0,1200,ask,
6324,2018/10/29,14:21:22,2996.0,400,bid,
6324,2018/10/29,14:21:17,3005.0,1300,ask,
6324,2018/10/29,14:21:13,2999.0,100,bid,
6324,2018/10/29,14:21:13,2996.0,400,bid,
6324,2018/10/29,14:21:13,2999.0,400,bid,
6324,2018/10/29,14:21:13,2998.0,100,bid,
6324,2018/10/29,14:21:13,3005.0,1200,ask,
6324,2018/10/29,14:21:13,2999.0,400,bid,
6324,2018/10/29,14:21:13,3005.0,1400,ask,
6324,2018/10/29,14:21:13,2998.0,100,bid,
6324,2018/10/29,14:21:13,3005.0,1500,ask,
6324,2018/10/29,14:21:13,2997.0,400,bid,
6324,2018/10/29,14:21:13,2996.0,300,bid,
6324,2018/10/29,14:21:13,2998.0,400,bid,
6324,2018/10/29,14:21:13,3005.0,1400,ask,
6324,2018/10/29,14:21:05,2997.0,500,bid,
6324,2018/10/29,14:21:01,2997.0,400,bid,
6324,2018/10/29,14:21:01,2996.0,300,bid,
6324,2018/10/29,14:20:57,2998.0,500,bid,
6324,2018/10/29,14:20:57,2996.0,300,bid,
6324,2018/10/29,14:20:57,3005.0,1500,ask,
6324,2018/10/29,14:20:57,2997.0,300,bid,
6324,2018/10/29,14:20:57,3000.0,100,trade,
6324,2018/10/29,14:20:57,2998.0,200,bid,
6324,2018/10/29,14:20:57,3005.0,1400,ask,
6324,2018/10/29,14:20:57,3005.0,1300,ask,
6324,2018/10/29,14:20:57,3000.0,100,bid,
6324,2018/10/29,14:20:57,3005.0,1100,ask,
6324,2018/10/29,14:20:53,3000.0,300,bid,
6324,2018/10/29,14:20:52,3000.0,400,bid,
6324,2018/10/29,14:20:52,3000.0,300,bid,
6324,2018/10/29,14:20:52,3000.0,800,bid,
6324,2018/10/29,14:20:52,3000.0,300,bid,
6324,2018/10/29,14:20:52,3000.0,100,bid,
6324,2018/10/29,14:20:52,3000.0,100,trade,
6324,2018/10/29,14:20:52,3005.0,900,ask,
6324,2018/10/29,14:20:52,3000.0,100,ask,
6324,2018/10/29,14:20:52,3005.0,900,ask,
6324,2018/10/29,14:20:51,2999.0,500,bid,
6324,2018/10/29,14:20:51,2998.0,300,bid,
6324,2018/10/29,14:20:51,2998.0,200,bid,
6324,2018/10/29,14:20:51,2997.0,1000,bid,
6324,2018/10/29,14:20:51,2997.0,700,bid,
6324,2018/10/29,14:20:51,3000.0,300,trade,
6324,2018/10/29,14:20:51,2997.0,600,bid,
6324,2018/10/29,14:20:46,3005.0,1000,ask,
6324,2018/10/29,14:20:45,3005.0,900,ask,
6324,2018/10/29,14:20:45,3005.0,1000,ask,
6324,2018/10/29,14:20:45,3000.0,300,bid,
6324,2018/10/29,14:20:45,3005.0,1100,ask,
6324,2018/10/29,14:20:45,3000.0,100,bid,
6324,2018/10/29,14:20:45,3005.0,1200,ask,
6324,2018/10/29,14:20:45,2997.0,600,bid,
6324,2018/10/29,14:20:45,3005.0,1300,ask,
6324,2018/10/29,14:20:45,2997.0,500,bid,
6324,2018/10/29,14:20:45,3005.0,1500,ask,
6324,2018/10/29,14:20:45,2996.0,300,bid,
6324,2018/10/29,14:20:45,2997.0,300,bid,
6324,2018/10/29,14:20:45,2998.0,200,bid,
6324,2018/10/29,14:20:45,3000.0,100,trade,
6324,2018/10/29,14:20:45,3000.0,100,ask,
6324,2018/10/29,14:20:45,2999.0,200,bid,
6324,2018/10/29,14:20:45,3000.0,300,trade,
6324,2018/10/29,14:20:45,3000.0,100,bid,
6324,2018/10/29,14:20:45,3005.0,1400,ask,
6324,2018/10/29,14:20:45,3000.0,400,bid,
6324,2018/10/29,14:20:45,3005.0,1300,ask,
6324,2018/10/29,14:20:41,3005.0,1100,ask,
6324,2018/10/29,14:20:41,3000.0,600,bid,
6324,2018/10/29,14:20:33,3005.0,1200,ask,
6324,2018/10/29,14:20:33,3005.0,1100,ask,
6324,2018/10/29,14:20:11,3005.0,100,trade,
6324,2018/10/29,14:20:11,3005.0,1000,ask,
6324,2018/10/29,14:20:08,3000.0,700,bid,
6324,2018/10/29,14:19:29,3005.0,1100,ask,
6324,2018/10/29,14:19:26,3000.0,600,bid,
6324,2018/10/29,14:19:26,3000.0,500,bid,
6324,2018/10/29,14:19:26,3000.0,700,bid,
6324,2018/10/29,14:19:26,3005.0,200,trade,
6324,2018/10/29,14:19:26,3005.0,700,ask,
6324,2018/10/29,14:19:26,3000.0,500,bid,
6324,2018/10/29,14:19:26,3005.0,200,trade,
6324,2018/10/29,14:19:26,3005.0,900,ask,
6324,2018/10/29,14:19:26,3005.0,1000,trade,
6324,2018/10/29,14:19:26,3005.0,1100,ask,
6324,2018/10/29,14:19:22,3000.0,400,bid,
6324,2018/10/29,14:19:22,3005.0,2100,ask,
6324,2018/10/29,14:19:04,3005.0,2000,ask,
6324,2018/10/29,14:18:44,3005.0,100,trade,
6324,2018/10/29,14:18:44,3005.0,1900,ask,
6324,2018/10/29,14:18:37,3005.0,2000,ask,
6324,2018/10/29,14:18:36,3005.0,1900,ask,
6324,2018/10/29,14:18:08,3005.0,1800,ask,
6324,2018/10/29,14:17:48,3000.0,300,bid,
6324,2018/10/29,14:17:48,3000.0,200,bid,
6324,2018/10/29,14:17:48,3000.0,300,bid,
6324,2018/10/29,14:17:48,3000.0,700,bid,
6324,2018/10/29,14:17:48,3000.0,600,bid,
6324,2018/10/29,14:17:48,3000.0,400,bid,
6324,2018/10/29,14:17:48,2999.0,300,bid,
6324,2018/10/29,14:17:48,2999.0,200,bid,
6324,2018/10/29,14:17:44,2998.0,800,bid,
6324,2018/10/29,14:17:44,2998.0,700,bid,
6324,2018/10/29,14:17:44,2998.0,500,bid,
6324,2018/10/29,14:17:44,2998.0,400,bid,
6324,2018/10/29,14:17:44,2997.0,400,bid,
6324,2018/10/29,14:17:44,2997.0,300,bid,
6324,2018/10/29,14:17:44,2996.0,900,bid,
6324,2018/10/29,14:17:44,3005.0,1900,ask,
6324,2018/10/29,14:17:44,3005.0,1800,ask,
6324,2018/10/29,14:17:44,3005.0,1900,ask,
6324,2018/10/29,14:17:44,2996.0,800,bid,
6324,2018/10/29,14:17:44,2996.0,700,bid,
6324,2018/10/29,14:17:44,3005.0,2000,ask,
6324,2018/10/29,14:17:44,2996.0,400,bid,
6324,2018/10/29,14:17:44,2995.0,600,bid,
6324,2018/10/29,14:17:44,2995.0,500,bid,
6324,2018/10/29,14:17:44,3005.0,2100,ask,
6324,2018/10/29,14:17:44,2999.0,200,ask,
6324,2018/10/29,14:17:44,2999.0,100,trade,
6324,2018/10/29,14:17:44,2995.0,200,bid,
6324,2018/10/29,14:17:44,3000.0,100,trade,
6324,2018/10/29,14:17:44,3005.0,2100,ask,
6324,2018/10/29,14:17:44,3000.0,100,ask,
6324,2018/10/29,14:17:42,3005.0,2100,ask,
6324,2018/10/29,14:17:39,3005.0,2000,ask,
6324,2018/10/29,14:17:36,3000.0,100,trade,
6324,2018/10/29,14:17:36,3005.0,1900,ask,
6324,2018/10/29,14:17:36,3000.0,100,ask,
6324,2018/10/29,14:17:36,3005.0,1900,ask,
6324,2018/10/29,14:17:31,3005.0,2000,ask,
6324,2018/10/29,14:17:31,3000.0,300,trade,
6324,2018/10/29,14:17:31,2999.0,100,bid,
6324,2018/10/29,14:17:31,3005.0,1900,ask,
6324,2018/10/29,14:17:12,3005.0,1800,ask,
6324,2018/10/29,14:16:53,3005.0,1900,ask,
6324,2018/10/29,14:16:50,3005.0,1800,ask,
6324,2018/10/29,14:16:50,3005.0,1700,ask,
6324,2018/10/29,14:16:41,3005.0,1800,ask,
6324,2018/10/29,14:16:41,3005.0,1700,ask,
6324,2018/10/29,14:16:38,3005.0,1600,ask,
6324,2018/10/29,14:16:38,3000.0,300,bid,
6324,2018/10/29,14:16:38,3000.0,200,bid,
6324,2018/10/29,14:16:38,3000.0,100,trade,
6324,2018/10/29,14:16:38,3005.0,1700,ask,
6324,2018/10/29,14:16:38,3000.0,100,ask,
6324,2018/10/29,14:16:38,3005.0,1700,ask,
6324,2018/10/29,14:16:37,3005.0,1800,ask,
6324,2018/10/29,14:16:28,3005.0,1700,ask,
6324,2018/10/29,14:15:58,2999.0,800,bid,
6324,2018/10/29,14:15:57,3005.0,1800,ask,
6324,2018/10/29,14:15:52,3005.0,1700,ask,
6324,2018/10/29,14:15:52,2999.0,700,bid,
6324,2018/10/29,14:15:49,3000.0,100,trade,
6324,2018/10/29,14:15:49,3005.0,1800,ask,
6324,2018/10/29,14:15:49,3000.0,100,ask,
6324,2018/10/29,14:15:49,3005.0,1800,ask,
6324,2018/10/29,14:15:46,3005.0,1900,ask,
6324,2018/10/29,14:15:45,3005.0,1800,ask,
6324,2018/10/29,14:15:44,3000.0,200,trade,
6324,2018/10/29,14:15:44,2999.0,100,bid,
6324,2018/10/29,14:15:44,3000.0,200,bid,
6324,2018/10/29,14:15:44,3005.0,1700,ask,
6324,2018/10/29,14:15:35,3005.0,1600,ask,
6324,2018/10/29,14:15:35,3005.0,1500,ask,
6324,2018/10/29,14:15:34,3000.0,400,bid,
6324,2018/10/29,14:15:34,3000.0,300,bid,
6324,2018/10/29,14:15:34,3005.0,1600,ask,
6324,2018/10/29,14:15:34,3000.0,200,bid,
6324,2018/10/29,14:15:34,3005.0,1700,ask,
6324,2018/10/29,14:15:34,3000.0,700,bid,
6324,2018/10/29,14:15:34,3000.0,500,bid,
6324,2018/10/29,14:15:34,2999.0,900,bid,
6324,2018/10/29,14:15:34,2999.0,800,bid,
6324,2018/10/29,14:15:27,3005.0,1800,ask,
6324,2018/10/29,14:15:14,3005.0,1700,ask,
6324,2018/10/29,14:15:10,2999.0,200,bid,
6324,2018/10/29,14:15:04,2999.0,100,bid,
6324,2018/10/29,14:15:03,3005.0,1600,ask,
6324,2018/10/29,14:14:51,3005.0,1500,ask,
6324,2018/10/29,14:14:51,3005.0,1400,ask,
6324,2018/10/29,14:14:51,3000.0,100,ask,
6324,2018/10/29,14:14:51,2999.0,200,ask,
6324,2018/10/29,14:14:51,2999.0,100,trade,
6324,2018/10/29,14:14:51,2998.0,200,bid,
6324,2018/10/29,14:14:51,3000.0,100,ask,
6324,2018/10/29,14:14:51,3005.0,1400,ask,
6324,2018/10/29,14:14:39,3005.0,1500,ask,
6324,2018/10/29,14:14:38,3005.0,1400,ask,
6324,2018/10/29,14:14:28,3005.0,1300,ask,
6324,2018/10/29,14:14:20,3005.0,1200,ask,
6324,2018/10/29,14:14:19,3005.0,1100,ask,
6324,2018/10/29,14:14:18,2999.0,100,bid,
6324,2018/10/29,14:14:18,2999.0,200,bid,
6324,2018/10/29,14:14:18,3005.0,700,ask,
6324,2018/10/29,14:14:16,2999.0,600,bid,
6324,2018/10/29,14:14:16,2999.0,500,bid,
6324,2018/10/29,14:14:16,2999.0,400,bid,
6324,2018/10/29,14:14:16,2998.0,300,bid,
6324,2018/10/29,14:14:16,2998.0,200,bid,
6324,2018/10/29,14:14:15,3005.0,600,ask,
6324,2018/10/29,14:14:15,2997.0,800,bid,
6324,2018/10/29,14:14:15,3005.0,800,ask,
6324,2018/10/29,14:14:15,2997.0,700,bid,
6324,2018/10/29,14:14:15,2997.0,500,bid,
6324,2018/10/29,14:14:15,2997.0,400,bid,
6324,2018/10/29,14:14:15,2996.0,400,bid,
6324,2018/10/29,14:14:15,2996.0,800,bid,
6324,2018/10/29,14:14:15,2996.0,700,bid,
6324,2018/10/29,14:14:15,2996.0,400,bid,
6324,2018/10/29,14:14:15,2995.0,900,bid,
6324,2018/10/29,14:14:15,2995.0,600,bid,
6324,2018/10/29,14:14:10,3005.0,900,ask,
6324,2018/10/29,14:14:03,2995.0,500,bid,
6324,2018/10/29,14:14:03,2995.0,400,bid,
6324,2018/10/29,14:14:03,3005.0,800,ask,
6324,2018/10/29,14:13:57,2999.0,100,trade,
6324,2018/10/29,14:13:57,3005.0,1000,ask,
6324,2018/10/29,14:13:57,2994.0,600,bid,
6324,2018/10/29,14:13:57,2999.0,100,trade,
6324,2018/10/29,14:13:57,2999.0,100,ask,
6324,2018/10/29,14:13:57,2999.0,100,trade,
6324,2018/10/29,14:13:57,2999.0,200,ask,
6324,2018/10/29,14:13:57,2999.0,200,trade,
6324,2018/10/29,14:13:57,2999.0,300,ask,
6324,2018/10/29,14:13:57,2999.0,500,ask,
6324,2018/10/29,14:13:54,2999.0,600,ask,
6324,2018/10/29,14:13:53,2994.0,500,bid,
6324,2018/10/29,14:13:53,2993.0,200,bid,
6324,2018/10/29,14:13:53,2999.0,500,ask,
6324,2018/10/29,14:13:53,2999.0,400,ask,
6324,2018/10/29,14:13:53,2999.0,300,ask,
6324,2018/10/29,14:13:53,2995.0,200,bid,
6324,2018/10/29,14:13:53,2999.0,200,ask,
6324,2018/10/29,14:13:53,2997.0,100,trade,
6324,2018/10/29,14:13:53,2996.0,200,bid,
6324,2018/10/29,14:13:53,3000.0,100,ask,
6324,2018/10/29,14:13:53,3005.0,1300,ask,
6324,2018/10/29,14:13:52,3005.0,1400,ask,
6324,2018/10/29,14:13:52,2997.0,100,bid,
6324,2018/10/29,14:13:52,3005.0,1300,ask,
6324,2018/10/29,14:13:43,3005.0,1200,ask,
6324,2018/10/29,14:13:25,2997.0,600,bid,
6324,2018/10/29,14:13:25,2997.0,500,bid,
6324,2018/10/29,14:13:25,2996.0,300,bid,
6324,2018/10/29,14:13:24,2996.0,200,bid,
6324,2018/10/29,14:13:24,2996.0,500,bid,
6324,2018/10/29,14:13:24,3005.0,1300,ask,
6324,2018/10/29,14:13:24,2997.0,300,bid,
6324,2018/10/29,14:13:24,2999.0,400,trade,
6324,2018/10/29,14:13:24,2998.0,300,bid,
6324,2018/10/29,14:13:19,3005.0,1200,ask,
6324,2018/10/29,14:13:07,3000.0,100,trade,
6324,2018/10/29,14:13:07,3005.0,1100,ask,
6324,2018/10/29,14:13:07,3000.0,100,ask,
6324,2018/10/29,14:13:07,3005.0,1100,ask,
6324,2018/10/29,14:12:44,2999.0,400,bid,
6324,2018/10/29,14:12:38,2999.0,300,bid,
6324,2018/10/29,14:12:38,3000.0,300,trade,
6324,2018/10/29,14:12:38,2999.0,600,bid,
6324,2018/10/29,14:12:15,3000.0,300,bid,
6324,2018/10/29,14:12:13,3005.0,1200,ask,
6324,2018/10/29,14:12:12,3000.0,400,bid,
6324,2018/10/29,14:12:10,3005.0,1100,ask,
6324,2018/10/29,14:12:04,3005.0,1000,ask,
6324,2018/10/29,14:12:04,3005.0,700,ask,
6324,2018/10/29,14:12:02,3000.0,200,bid,
6324,2018/10/29,14:12:02,3000.0,400,bid,
6324,2018/10/29,14:12:02,3000.0,300,bid,
6324,2018/10/29,14:12:01,3005.0,600,ask,
